3475 5609
690 439 883 505 .-19-

196 586 306 657 etiam
332 608 491 657 amorem
520 608 601 657 esse
626 608 819 681 perquem
848 584 965 658 Musis
996 584 1109 658 dediti
1134 610 1200 659 sua
1237 585 1421 660 mirabilia

195 700 720 797 operaexcogitentetedant3
743 724 822 774 esse
851 700 981 775 saltem
1016 705 1055 774 in
1089 702 1250 776 amando
1278 701 1418 800 aliquid

195 819 309 888 amari
335 830 373 889 ut
401 817 545 914 plenius
564 814 731 913 voluptas
758 818 988 914 percipiatur.
1028 820 1131 908 Haec,
1169 832 1208 892 ut
1243 818 1414 907 diximus

194 958 276 1006 cum
309 958 452 1007 summo
480 931 600 1028 lepore
633 946 727 1021 sunt,
770 933 832 1007 sed
867 940 988 1033 potius
1018 939 1114 1007 inter
1145 935 1276 1033 lyricas
1305 958 1417 1032 quam

194 1052 361 1122 scenicas
390 1052 623 1121 inventiones
655 1050 935 1123 annumeranda
953 1063 989 1125 et
1007 1050 1043 1123 in
1061 1053 1272 1123 memoriam
1293 1053 1323 1122 si
1342 1075 1416 1121 non

193 1178 309 1239 totum
325 1164 393 1237 sub
409 1168 557 1238 nomine
579 1166 684 1238 Rosoe
702 1170 877 1263 scriptum
897 1193 1037 1266 poema,
1059 1164 1187 1240 saltem
1207 1169 1361 1263 primam
1381 1178 1418 1240 et

193 1281 457 1379 lepidissimam
479 1281 583 1379 hujus
599 1294 737 1378 partem
754 1298 939 1359 revocant.

242 1397 312 1471 Vel
333 1402 493 1471 maxime
515 1397 562 1469 ab
578 1398 640 1469 illo
657 1399 819 1497 Dialogo
835 1400 1030 1472 abhorrent
1044 1397 1119 1471 illae
1135 1411 1263 1471 notae«
1283 1399 1417 1498 Coplas

186 1516 243 1611 de..
265 1513 398 1613 Mingo
429 1514 593 1613 Reviclgo
622 1544 640 1583 »
671 1540 763 1611 quas
788 1514 916 1587 dicunt
944 1540 1009 1587 nec
1038 1514 1124 1611 jure,
1160 1539 1242 1587 mea
1267 1514 1415 1613 quidem

190 1635 385 1719 sententia,
400 1629 585 1703 abeodem
600 1644 745 1703 auctore
761 1635 915 1728 scriptas
929 1656 1021 1721 esse,
1040 1656 1132 1728 quas
1146 1655 1228 1705 vero
1241 1630 1417 1704 libentius

189 1746 349 1845 johanni
375 1748 417 1819 de
431 1747 540 1830 Mena
561 1745 772 1820 tribuendas
791 1760 878 1845 puto
901 1746 965 1840 (1).
990 1747 1085 1820 Haec
1104 1750 1203 1819 enim
1224 1746 1416 1819 incondita

189 1865 286 1957 regis
307 1860 455 1933 Henrici
488 1862 536 1933 lV
563 1860 672 1933 satira
700 1861 814 1935 libelli
846 1866 885 1933 in
914 1862 1101 1935 hominem
1124 1862 1232 1935 rebus
1257 1861 1414 1960 publicis

190 1976 352 2051 deditum
388 1977 551 2049 habitum
586 1978 730 2076 praelert
765 1991 811 2063 et,
838 2005 920 2051 cum
952 2004 975 2051 a
1003 1982 1234 2075 paucissimis
1272 1990 1414 2050 tantum

190 2091 343 2189 intelligi
358 2096 482 2189 possit,
499 2094 718 2167 usaccrdote
738 2099 873 2192 scripta
888 2120 967 2168 esse
978 2094 1131 2167 videtur.
1155 2092 1234 2167 Sub
1254 2096 1413 2191 speciem

190 2222 346 2305 quatuor
360 2233 492 2281 canum
518 2234 603 2307 quae
624 2209 696 2307 jam
719 2234 791 2281 non
813 2214 934 2308 pecori
954 2208 1068 2283 ullam
1090 2234 1214 2283 curam
1235 2208 1415 2281 adhibent

190 2340 344 2421 quatuor
372 2328 520 2397 virtutes
558 2325 760 2423 praecipuas
795 2326 999 2399 describere
1031 2324 1172 2399 videtur
1208 2338 1245 2397 et
1275 2337 1413 2421 septem

189 2443 350 2536 peccatis
362 2440 586 2536 gravissimis
608 2440 772 2514 habitum
788 2443 852 2516 dat
871 2440 1024 2515 totidem
1039 2441 1212 2515 ferocium
1233 2439 1411 2537 luporum.

191 2555 284 2629 Haec
303 2555 391 2629 satis
407 2560 443 2628 in
464 2557 710 2654 excogitando
735 2556 881 2649 facilia3
903 2571 1023 2631 cetera
1042 2584 1126 2631 vero
1153 2555 1319 2645 obscura,
1348 2556 1414 2630 ab·

188 2671 356 2744 scondita
386 2696 470 2769 quae
500 2696 575 2745 non
607 2672 715 2747 facile
748 2673 973 2769 cogitatione
1003 2672 1058 2747 vcl
1088 2676 1214 2770 sagaci
1235 2675 1410 2768 attingas,

188 2787 422 2885 Ceteroquin,
447 2787 483 2860 in
499 2792 705 2862 universum
728 2793 940 2879 aestimanti‚
965 2789 1190 2887 colloquium
1209 2786 1298 2862 illud
1320 2791 1415 2861 inter

186 2904 359 3001 populum
386 2903 454 2977 sub
492 2908 654 3001 imagine
687 2910 840 3003 pastoris
873 2903 1006 3005 tllz'ngo
1030 2882 1195 3005 [devulgo
1219 2904 1344 2977 fictum
1374 2918 1410 2978 et

186 3024 460 3094 vaticinatorem
476 3020 671 3119 quemdam
689 3020 761 3097 Gz'l
776 3020 953 3095 Arribato
971 3020 1142 3096 subtilius
1160 3032 1216 3096 est
1241 3044 1352 3119 quam
1372 3036 1411 3093 ut

186 3134 340 3209 multum
375 3136 481 3211 rebus
518 3140 673 3210 scenicis
714 3136 759 3210 de
796 3164 949 3235 quarum
1001 3137 1141 3235 origine
1181 3136 1412 3234 disputamus

185 3252 353 3327 tribuisse
374 3259 500 3352 possit.
520 3253 669 3352 Aliquid
680 3272 801 3327 autem
815 3254 980 3327 attulisse
996 3255 1049 3326 illi
1066 3253 1243 3350 Ecglogae
1254 3279 1277 3325 a
1291 3254 1328 3325 F
1328 3278 1412 3325 ran·

183 3367 277 3442 cisco
307 3370 350 3441 de
379 3369 539 3442 Madrid
558 3374 703 3466 scriptae
732 3370 964 3443 verisimilius
983 3383 1040 3443 est
1071 3394 1156 3466 quae
1185 3369 1253 3441 sub
1284 3367 1413 3441 habitu

185 3484 355 3582 pastorali
383 3510 504 3581 regem
537 3486 756 3558 Francorum
807 3486 979 3559 Carolum
1014 3485 1099 3559 Vlll
1130 3488 1187 3557 cui
1231 3483 1411 3556 indictum

185 3624 319 3673 nomen
339 3615 392 3674 est
412 3599 569 3700 Pelzgro
591 3601 829 3697 (Periculum)
854 3622 889 3674 et
909 3626 1032 3697 regem
1059 3599 1253 3698 Hispaniae
1275 3602 1411 3673 Fortu-

183 3717 274 3787 nodo
293 3716 563 3813 (Fortunatum)
599 3715 821 3813 appellatum
853 3717 1026 3790 ostendit.
1058 3716 1141 3789 Hoc
1175 3733 1296 3788 autem
1317 3740 1410 3811 opus

184 3831 429 3929 extemporale
448 3818 552 3905 etex
573 3832 679 3907 rebus
711 3832 954 3930 praescntibus
975 3853 1101 3906 natum
1127 3830 1218 3903 nihil
1243 3830 1325 3904 novi
1347 3844 1411 3905 aut

187 3946 343 4021 inauditi
360 3946 463 4021 affert
483 3960 528 4038 et,
546 3952 722 4046 quoniam
746 3949 795 4020 ibi
817 3973 873 4021 res
893 3975 968 4021 non
989 3930 1095 4022 rectis
1117 3946 1328 4021 nominibus
1348 3947 1411 4021 sed

216 4207 253 4267 (1)
267 4204 294 4252 ln
310 4205 420 4266 Diatogt
435 4204 547 4253 editione
562 4221 631 4254 anno
648 4204 790 4253 lllDLXlX
816 4205 921 4271 vulgata
935 4207 1055 4267 (Medina
1078 4207 1121 4254 del
1145 4206 1258 4267 Campo),
1274 4204 1413 4253 Francisco

185 4286 226 4333 del
248 4287 337 4345 Canto,
353 4284 423 4333 nulla
438 4301 514 4335 causa
527 4284 640 4335 adbibita
656 4284 763 4349 Rodrigi
786 4286 818 4333 de
846 4288 908 4333 Coto
923 4286 1021 4335 nomini
1033 4294 1060 4334 et
1075 4285 1220 4352 Ecglogam
1238 4301 1315 4345 «qne
1337 4284 1411 4331 dicon

184 4366 503 4426 deMingoRevulgvuet
519 4366 627 4430 primum
648 4367 782 4414 Celestiuce
798 4374 884 4414 actum
904 4364 1007 4415 addicit.
1033 4365 1099 4414 Cum
1123 4374 1208 4415 autem
1230 4365 1358 4430 poematis
1375 4363 1413 4412 sui

184 4447 244 4496 «de
256 4447 281 4493 ln
298 4448 450 4495 Coronncion
467 4464 480 4496 s
498 4445 733 4511 interpretationem
750 4454 774 4494 et
798 4446 884 4495 lliadis
898 4446 1039 4510 epitomem
1056 4446 1170 4507 Juande
1184 4447 1261 4495 Mena
1273 4445 1412 4514 scripserit,

184 4525 265 4575 nimia
279 4534 303 4573 et
314 4524 438 4590 impedita
452 4526 592 4577 eruditione
605 4526 726 4575 delectari
737 4525 835 4575 videtur
849 4542 907 4591 quae
926 4526 987 4574 nibil
1005 4527 1038 4575 ad
1061 4525 1252 4592 lepidissimum
1271 4525 1409 4592 Dialogum

184 4612 287 4657 «entre
302 4607 326 4655 el
345 4608 420 4655 Amor
431 4625 451 4669 y
471 4624 505 4655 un
535 4608 605 4663 Viejo
625 4623 645 4663 s,
670 4606 777 4656 multum
794 4624 854 4656 vero
874 4606 908 4656 ad
922 4606 1043 4656 confusas
1059 4608 1175 4669 «copto
1190 4606 1415 4670 »componendam

185 4688 261 4737 valet.
