3475 5609
675 545 837 613 ..91-

141 705 299 792 vagatur
329 705 366 766 et
388 694 547 792 gemitus
578 703 800 792 questusque
828 689 994 766 effundit.
1019 691 1128 766 Nunc
1149 692 1364 788 maledictis,

143 835 245 885 nunc
277 807 500 884 dulcissimis
532 807 689 908 querelis
733 820 896 884 amatum
935 833 1077 908 semper
1103 809 1273 908 juvenem
1318 810 1370 883 in·

141 937 279 1024 crepat,
313 937 357 1012 et,
391 926 469 999 sive
488 924 713 1023 indignatur,
733 923 816 1022 sive
839 924 1031 998 absentem
1055 939 1234 1022 precatur,
1252 930 1370 1001 tristia

142 1039 260 1116 animi
291 1052 430 1114 secreta
459 1039 574 1116 multo
603 1039 820 1116 dilucidiora
846 1039 1031 1139 patefacit.
1061 1041 1252 1116 Vz'toriano
1270 1042 1371 1116 deni·

142 1183 217 1256 que
261 1156 425 1232 Placidae
449 1160 662 1231 memoriam
705 1182 780 1230 non
809 1161 929 1255 magis
966 1162 1132 1232 amittere
1174 1173 1295 1257 potest
1333 1173 1370 1232 et

142 1277 306 1348 amicum
336 1274 414 1347 adit
437 1298 460 1345 a
487 1299 579 1373 ·quo
606 1297 740 1348 vanam
761 1284 861 1371 petat
892 1273 1124 1348 solationem.
1147 1273 1251 1349 Nihil
1271 1275 1369 1349 enirn

142 1392 298 1490 propriis
318 1394 394 1488 ipse
423 1389 561 1464 viribus
585 1389 707 1464 effecit
725 1389 988 1490 verborumque
1014 1391 1244 1466 contumeliis
1264 1395 1368 1490 quasi

140 1509 371 1605 gravissimis
403 1509 638 1580 incrementis
671 1505 832 1580 dolorem
862 1519 1005 1580 tantum
1037 1507 1200 1582 adauxit.
1235 1508 1370 1582 Nonne

142 1650 268 1699 amore
293 1622 357 1698 illo
388 1623 519 1722 flagrat
547 1649 656 1724 quem
687 1624 875 1700 Celestina
911 1649 1055 1700 summa
1073 1630 1223 1700 veritate
1242 1624 1369 1724 depin-

141 1727 245 1816 iterat
277 1753 313 1815 et
345 1767 419 1841 quo
446 1766 529 1816 cum
548 1740 700 1815 ardeant
715 1743 932 1839 posteriores
946 1738 1128 1841 johannis
1145 1743 1209 1816 del
1222 1743 1261 1816 E
1261 1739 1370 1815 ncr'na

142 1883 314 1957 personae
343 1883 440 1933 nova
459 1870 555 1932 certe
587 1869 623 1931 et
655 1857 771 1932 multo
804 1861 924 1955 magis
942 1857 1146 1932 dramatica
1177 1863 1306 1933 virtute
1334 1870 1371 1931 et

144 1975 320 2050 varietate
350 1967 592 2051 induuntur?¹
609 1975 694 2048 Non
714 1977 811 2048 enim
835 1972 1027 2048 Vitoriano
1046 1987 1081 2049 et
1102 1974 1258 2050 Placide
1276 1973 1369 2048 indi·

143 2094 294 2190 gniores
326 2103 412 2164 sunt
448 2095 510 2190 qui
541 2115 624 2166 cum
658 2090 801 2166 Calisto
837 2101 875 2164 et
902 2089 1065 2164 Melibea
1102 2092 1227 2190 aliquo
1260 2087 1369 2163 modo

143 2207 388 2282 conferantur.
1142 2199 1145 2203 ’

197 2325 366 2398 Pastores
397 2348 554 2422 quoque,
586 2327 624 2395 in
645 2323 819 2426 Ecglogis
837 2349 925 2424 'quae
948 2323 1145 2398 Celestina
1163 2323 1369 2422 exemplum

145 2441 215 2513 sibi
236 2449 509 2538 proposuerunt,
529 2441 643 2512 animi
663 2441 718 2512 sui
738 2439 892 2513 formam
911 2443 1030 2539 magis
1058 2442 1151 2514 veris
1165 2452 1201 2514 et
1215 2440 1370 2514 diversis

144 2555 264 2630 verbis
284 2553 451 2630 reddunt.
473 2557 554 2655 jam
580 2558 680 2627 enim
696 2554 783 2630 satis
799 2557 992 2654 exquisitis
1011 2555 1196 2630 coloribus
1211 2555 1369 2654 pingun-

143 2685 202 2746 tur
219 2685 255 2746 et
267 2671 476 2746 Zambardo
494 2673 557 2770 qui
572 2693 651 2744 sese
668 2683 742 2743 tarn
765 2658 930 2770 ingenu'o
949 2654 1075 2768 animo
1093 2671 1216 2773 diligit
1237 2671 1369 2746 dulcis-

146 2793 325 2886 simoque,
348 2786 435 2861 dum
450 2785 585 2862 Filena
599 2789 768 2883 ingemit,
790 2812 921 2861 somno
941 2787 1125 2882 dormitat,
1141 2802 1177 2862 et
1198 2787 1370 2888 Suplicz'o

145 2931 218 3005 quo
235 2929 342 2978 nemo
361 2902 512 2977 fortasse
533 2906 627 2975 inter
651 2906 863 2978 notissimos
878 2908 1018 2978 amicos
1046 2907 1166 3002 magis
1195 2903 1262 2978 luit
1281 2904 1370 2979 deli-

145 3035 259 3111 catus,
279 3033 315 3093 et
332 3017 495 3121 Justino
507 3017 702 3116 praesertim
724 3021 787 3117 qui
815 3045 944 3094 omnes
963 3023 1098 3094 mentis
1122 3019 1270 3094 habitus
1285 3019 1368 3094 sub·

144 3136 255 3211 tiliter
291 3135 437 3233 dispicit
471 3137 737 3232 mitissimoque
770 3134 944 3210 imbuitur
972 3134 1224 3234 ingeniorum
1244 3160 1369 3209 aman-

145 3257 235 3327 tium
255 3250 447 3326 stultitiam
477 3253 594 3324 acutis
624 3275 691 3323 nec
719 3249 825 3325 malis
851 3251 1051 3326 insectatur
1078 3250 1231 3330 facetiis.
1271 3250 1370 3347 Quid

144 3367 214 3443 hoc
234 3370 284 3443 rei
304 3381 358 3442 est
378 3368 448 3439 nisi
464 3365 563 3466 quod
577 3365 737 3465 Johanni
751 3367 814 3439 del
828 3369 866 3440 E
867 3367 976 3441 noina
990 3369 1024 3442 C
1023 3365 1189 3440 elestinoe
1203 3366 1370 3464 perlectae

144 3483 241 3559 haud
286 3482 540 3582 poenitendum
570 3482 638 3556 luit
674 3484 705 3554 si
739 3481 888 3581 quidem
926 3509 971 3557 ex
998 3483 1062 3557 illa
1099 3481 1215 3556 multo
1250 3487 1370 3581 magis

144 3599 336 3676 dramatici
352 3602 471 3696 operis
497 3603 659 3696 proprias
678 3610 713 3670 et
732 3596 877 3672 tabulas
892 3613 929 3674 et
944 3623 1118 3697 personas
1137 3597 1335 3696 assumpsit
1354 3600 1371 3671 l

193 3718 278 3790 Non
316 3713 437 3789 minus
476 3712 658 3788 Fernandi
693 3713 735 3786 de
763 3714 880 3815 Rojas
911 3714 1211 3812 Tragicomoedia
1230 3717 1268 3787 in
1297 3713 1370 3787 illis

41 3930 45 3935 .
144 3831 363 3934 spectaculis
377 3833 553 3906 momenti
575 3828 701 3904 habuit
721 3855 814 3929 quae,
828 3830 1084 3930 progrediente
1102 3842 1208 3905 sexto
1225 3830 1370 3905 decimo

144 3949 294 4039 saeculo,
319 3946 566 4044 hispaniensis
585 3944 761 4019 comediae
788 3950 893 4044 quasi
929 3950 1048 4044 magis
1067 3958 1103 4020 et
1125 3950 1243 4044 magis
1264 3945 1371 4020 clarae

143 4068 283 4164 species
311 4075 566 4162 apparuerunt.
599 4061 844 4160 Seponendus
872 4063 1019 4161 quidem
1038 4075 1094 4137 est
1115 4093 1134 4132 «
1150 4064 1248 4138 Aulo
1269 4093 1288 4134 r
1309 4062 1371 4137 ille

144 4181 278 4255 «dela
291 4177 433 4253 Parion
456 4209 475 4249 »
496 4203 568 4277 quo
590 4176 682 4250 nihil
704 4181 743 4250 in
764 4177 827 4252 illo
846 4203 982 4279 genere
1004 4205 1072 4252 nec
1093 4179 1281 4278 pulchrius
1303 4205 1371 4254 nec

142 4298 264 4397 purius
279 4296 449 4370 vidimus
469 4293 753 4368 Sanctissimam
767 4298 867 4368 enim
882 4294 1103 4392 tragoediam
1124 4320 1235 4395 quam
1254 4297 1371 4370 Evan-

140 4415 280 4515 gelistae
300 4411 536 4503 tradiderunt,
573 4435 690 4484 rerum
722 4424 864 4489 servato
894 4411 1035 4502 ordine,
1059 4425 1145 4485 ante
1174 4412 1302 4487 oculos
1322 4417 1374 4487 ita

143 4530 312 4603 obversat
336 4539 376 4601 ut
395 4529 499 4625 quasi
520 4527 645 4600 divino
675 4529 827 4601 numine
856 4525 1002 4602 afflatus
1016 4553 1098 4602 esse
1116 4527 1314 4625 videatur(
1343 4530 1369 4626 ).

178 4787 217 4853 (r)
233 4784 407 4853 Magdalenae‚
421 4783 490 4836 verbi
508 4784 598 4851 gretia,
612 4785 633 4836 ri
652 4785 784 4852 qrerelam
799 4787 902 4854 legeris,
920 4786 1034 4838 divinum
1048 4786 1122 4838 illum
1136 4786 1256 4838 latebo&
1276 4786 1372 4838 luctum
