3475 5609
704 540 863 606 ..⁶1-

161 704 354 781 turbatam
369 704 530 780 ostendit
558 717 593 777 et
613 706 717 801 quasi
752 706 976 777 innocentiae
1008 706 1158 776 conscia
1188 715 1396 800 exspectare

163 819 314 908 videtur
331 818 528 919 tranquillo
550 818 651 893 vultu
671 819 758 892 dum
778 830 976 916 tempestas
994 817 1122 891 sedata
1150 821 1209 891 sit.
1233 818 1327 892 Cum
1342 822 1396 892 ira

162 928 321 1033 ¹virginis
351 939 575 1033 conquievit,
619 934 711 1007 lalsa
744 934 932 1008 verborum
965 933 1199 1009 obscurorum
1233 933 1395 1032 imagine

166 1050 362 1148 deceptam
381 1076 460 1125 esse
486 1049 684 1124 Melibeam
707 1048 790 1123 lena
819 1064 944 1123 nostra
976 1074 1134 1123 asserere
1167 1075 1243 1123 non
1274 1052 1388 1141 timet,

164 1166 326 1265 ideoque
346 1194 385 1243 se
412 1171 554 1241 venisse
582 1180 621 1240 ut
658 1164 831 1263 quaedam
863 1190 966 1239 sacra
998 1170 1175 1256 carmina,
1212 1164 1391 1265 quasdam

162 1307 291 1355 sanus
314 1283 485 1382 reliquias
504 1296 641 1381 peteret
669 1281 801 1380 quibus
820 1281 935 1355 morbi
955 1279 1087 1378 depelli
1107 1283 1276 1357 soleant:
1298 1282 1392 1356 adeo

69 1435 81 1444 ·
161 1396 316 1471 humilis
329 1411 365 1472 et
384 1398 485 1473 vultu
508 1399 667 1472 demisso
688 1398 848 1496 loquitur
860 1410 900 1471 ut
927 1401 1030 1494 virgo
1062 1397 1169 1471 iidem
1197 1396 1391 1473 fallacibus

160 1514 298 1603 verbis,
340 1513 469 1587 habitu
498 1512 594 1587 lenae
619 1514 784 1611 decepta,
812 1512 960 1586 tribuat.
990 1513 1086 1586 Tum
1118 1526 1238 1588 astuta
1272 1513 1393 1588 vetula

159 1630 321 1703 aflectus
346 1655 489 1704 movere
518 1628 669 1727 virginis
695 1640 848 1703 conatur
872 1642 907 1702 et
931 1654 1020 1725 erga
1045 1627 1225 1704 Calistum
1245 1634 1390 1704 misera-

159 1748 305 1819 tionem
321 1748 414 1819 ciere
431 1750 492 1845 qui
519 1744 657 1844 deperit
680 1744 801 1843 etjam
832 1749 870 1818 in
897 1772 941 1819 eo
973 1757 1029 1819 est
1049 1760 1089 1820 ut
1108 1742 1203 1819 mors
1222 1746 1291 1820 sibi
1325 1751 1390 1819 im·

160 1875 310 1935 matura
346 1866 548 1935 immineat.
580 1860 725 1957 Quibus
744 1850 880 1936 auditis
908 1864 1033 1935 animo
1052 1866 1196 1960 penitus
1228 1863 1393 1937 turbatur

159 1976 268 2074 virgo
286 1992 322 2051 et
335 1976 408 2075 jam
441 1976 488 2050 ad
509 1975 794 2051 misericordiam
832 1982 989 2066 vertitur,
1014 2004 1098 2077 quae
1131 1978 1190 2053 via
1217 1991 1312 2053 recte
1342 1977 1389 2053 ad

160 2117 328 2167 amorem
350 2092 480 2167 ducere
496 2093 649 2169 videtur.
1389 2174 1392 2178 J

218 2208 338 2303 Quam
358 2214 458 2283 varia
478 2222 598 2284 autem
618 2224 653 2283 et
675 2208 864 2308 multiplex
890 2209 1077 2284 Celestina
1095 2210 1250 2299 videtur,
1276 2236 1388 2310 quam

160 2337 312 2422 aptant
344 2324 597 2399 diversissimis
625 2324 1243 2400 conditionibusaccommodetur!
1277 2326 1319 2400 Si
1349 2331 1386 2400 in

86 2460 91 2469 '
161 2440 313 2515 Eclesia
333 2443 486 2535 desidet,
505 2469 560 2517 res
575 2442 763 2543 religionis
777 2466 904 2517 curare
916 2442 1055 2532 credas,
1072 2442 1166 2516 adeo
1181 2443 1385 2521 modestum

160 2556 331 2632 habitum
355 2558 466 2633 habet
485 2571 521 2632 et
540 2558 679 2633 defixos
703 2556 740 2631 in
762 2572 855 2631 terra
875 2558 1022 2651 oculos;
1045 2558 1109 2632 sed
1136 2584 1192 2633 res
1224 2559 1330 2634 aliter
1347 2586 1387 2635 se

160 2672 303 2765 habet;
327 2674 515 2749 Celestina
534 2672 631 2749 enim
652 2674 705 2747 nil
725 2676 762 2747 ni
784 2674 954 2749 homines
982 2673 1198 2749 alliciendos
1221 2689 1257 2750 et
1285 2676 1385 2751 lemi-

160 2812 270 2862 nasa
286 2789 464 2888 pudicitia
482 2789 698 2865 avertendas
717 2793 879 2887 cogitat3
901 2794 931 2863 si
949 2794 1042 2864 inter
1056 2805 1189 2865 matres
1211 2790 1258 2865 ad
1269 2796 1387 2891 suspi-

161 2908 310 2979 cionem
331 2931 464 3005 pronas
478 2918 650 2996 versatur,
673 2904 767 2981 adeo
796 2916 908 2979 artem
932 2903 1148 2981 amovendae
1168 2908 1388 3006 suspicionis

161 3020 274 3096 callet
289 3035 328 3096 ut
342 3022 422 3096 sola
440 3048 522 3096 cum
543 3021 746 3121 virginibus
759 3046 852 3121 quas
868 3047 954 3095 mox
972 3024 1010 3094 in
1031 3020 1157 3097 vitium
1178 3027 1226 3098 sit
1248 3023 1385 3100 adduc·

160 3151 247 3211 tura
260 3137 496 3238 relinquatur.
521 3141 595 3234 Qui
616 3137 791 3212 honorem
817 3137 987 3235 religiose
1015 3139 1141 3213 colunt
1157 3165 1241 3215 mox
1257 3140 1385 3217 habitu

160 3253 321 3328 honesto
336 3254 531 3329 Celestinae
545 3254 720 3329 falluntur
738 3280 821 3328 curn
845 3278 1032 3329 sermones
1056 3254 1134 3353 ejus
1149 3256 1304 3331 audiunt
1331 3257 1384 3332 nil

161 3368 234 3444 nisi
262 3390 389 3469 puram
419 3385 454 3445 et
484 3372 663 3469 integram
698 3376 865 3445 virtutem
899 3384 1087 3446 sonantes.
1119 3373 1220 3468 Quid
1254 3373 1383 3473 plura?

161 3486 276 3562 Nulla
300 3500 354 3562 est
374 3488 457 3561 lena
492 3514 576 3587 quae
596 3513 744 3562 cumea
771 3486 826 3562 vel
848 3486 1027 3563 industria
1042 3488 1309 3565 diversissimas
1327 3518 1384 3566 res

160 3603 418 3702 amplectente,
461 3603 516 3678 vel
554 3628 698 3678 summa
734 3602 1040 3679 ludificandorum
1074 3605 1277 3710 ¹hominum
1320 3622 1384 3683 aut

160 3720 506 3818 conumpendarum
552 3718 767 3794 feminarum
804 3723 935 3818 peritia
971 3721 1123 3795 conlerri
1164 3727 1293 3821 possit.
1330 3725 1384 3798 Ea

160 3838 273 3934 igitur
290 3848 367 3911 arte
383 3862 492 3936 quam
505 3848 632 3935 postea
651 3836 794 3910 coluere
812 3850 949 3911 nostrae
967 3866 987 3907 u
1003 3838 1159 3913 Macette
1179 3870 1198 3910 i>
1213 3852 1249 3913 et
1262 3868 1282 3910 n
1293 3840 1331 3914 F
1331 3867 1385 3915 ro·
1453 3876 1456 3883 ·

159 3952 274 4026 sine»
296 3950 346 4027 ita
366 3978 432 4027 usa
449 3965 504 4028 est
524 3966 564 4027 ut
582 3952 660 4029 illae
674 3951 763 4027 filiae
783 3952 917 4027 saltem
949 3938 1164 4046 Celestinae,
1198 3955 1263 4031 sed
1294 3956 1384 4034 filiae

162 4068 261 4145 baud
282 4073 387 4146 matri
403 4094 508 4169 pares
519 4069 725 4145 videantur.
825 4156 828 4161 ¹
