3475 5609
860 558 1022 621 -602-

329 720 551 793 Parmenoni
585 717 799 815 promiserat
828 724 1036 821 praemium,
1068 718 1170 793 nulla
1201 723 1418 817 interposita
1436 730 1555 805 mora,

326 836 493 921 exsolvit,
514 836 764 934 Areusamque
784 854 821 910 ut
837 817 954 909 visan
963 837 1105 910 deliciis
1120 851 1155 909 et
1175 836 1422 934 voluptatibus
1442 834 1557 907 dedat

327 940 491 1049 impellit,
518 978 584 1024 nec
605 978 685 1025 earn
706 977 772 1025 suo
794 956 909 1048 primo
925 966 1087 1025 amatore
1106 966 1318 1025 contentam
1347 976 1427 1023 esse
1448 952 1552 1023 sinit.

331 1068 408 1139 Has
427 1070 525 1140 enim
542 1068 765 1163 corruptelas
793 1068 942 1141 adhibet
962 1068 1096 1164 quibus
1126 1071 1366 1165 posteriorum
1404 1078 1555 1139 aetatum

329 1180 420 1253 lenae
445 1182 643 1257 Celestinae
679 1183 831 1279 vert‘igia
871 1197 1069 1279 sequentes
1100 1194 1270 1271 utentur;
1309 1206 1433 1254 earum
1472 1204 1560 1251 rero

331 1297 431 1371 nulla
478 1297 561 1370 huic
604 1314 739 1373 nostrae
788 1324 826 1370 se
873 1298 1094 1395 aequiparare
1139 1310 1269 1394 potest.
1313 1299 1406 1392 Quae
1453 1298 1557 1368 enim

329 1429 479 1511 possunt
517 1441 596 1487 esso
630 1414 905 1487 adhortationes
943 1418 1169 1511 impuriores,
1198 1440 1279 1512 quae
1317 1410 1558 1485 lenocinandi
1615 1493 1625 1503 ,

328 1554 385 1601 ars
399 1528 594 1603 solertiori
616 1530 707 1623 Quae
729 1534 846 1626 aptior
861 1530 908 1600 ad
929 1529 1102 1627 pudorem
1125 1528 1286 1602 [unditus
1319 1532 1559 1623 exstinguen-

329 1644 447 1716 dum?
485 1644 525 1717 Si
563 1644 787 1719 Celestinam
821 1670 902 1717 cum
943 1647 1081 1717 Areusa
1114 1644 1387 1742 colloquentem
1427 1642 1559 1714 audire

327 1774 443 1846 vacat,
464 1759 540 1833 haec
568 1760 784 1833 audiamus:
817 1759 1030 1833 muliebrem
1058 1760 1211 1834 formam
1244 1785 1325 1831 eam
1355 1784 1435 1831 esse
1469 1782 1556 1853 quae

329 1874 467 1948 inutilis
486 1875 549 1949 fiat
566 1879 635 1947 nisi
665 1875 787 1947 multis
803 1879 1095 1952 communicetur
1111 1910 1117 1965 ;
1143 1874 1234 1946 nihil
1255 1900 1335 1947 esse
1351 1898 1471 1947 causae
1485 1896 1556 1943 cur
1665 1882 1674 1893 ‘

330 1990 540 2074 hominibus
574 1990 803 2087 denegentur
840 1990 981 2063 deliciae
1016 2017 1096 2063 cunr
1131 1989 1222 2061 nihil
1258 1988 1471 2063 mulieribus
1506 1991 1558 2058 sit

329 2106 563 2195 damnosum,
582 2106 684 2213 quod
704 2121 830 2203 petant
851 2106 1029 2189 homines,
1062 2130 1172 2203 quam
1201 2103 1363 2201 plurimis
1395 2102 1519 2199 largiri
1548 2135 1557 2185 ς

329 2222 426 2295 hanc
445 2236 587 2295 tantum
605 2227 733 2295 sectari
754 2237 868 2296 artem
890 2210 1067 2319 oportere,
1090 2220 1228 2293 scilicet
1250 2224 1464 2317 utquisque
1483 2217 1559 2290 sibi

328 2338 396 2410 soli
417 2339 542 2411 credat
561 2336 638 2409 dari
660 2337 759 2435 quod
781 2362 892 2435 quam
927 2336 1092 2433 plurimis
1111 2335 1298 2408 tribuatur.
1334 2336 1420 2407 Non
1441 2337 1560 2430 igitur

330 2456 461 2525 mirum
493 2456 522 2524 si
559 2452 698 2525 Areusa
737 2452 795 2524 his
836 2456 985 2525 monitis
1017 2450 1122 2524 valde
1159 2452 1298 2549 prolicit
1330 2463 1366 2524 et
1399 2450 1562 2548 perlecta

330 2571 499 2641 meretrix
519 2569 655 2643 evadit.
752 2550 761 2559 ’
1312 2576 1316 2584 ’

359 2682 478 2775 Quid
500 2708 583 2757 vero
599 2708 656 2755 ars
670 2708 736 2755 sua
756 2682 875 2755 valeat
906 2686 1082 2779 imprimis
1100 2708 1183 2755 cum
1205 2681 1404 2755 Melibeam
1426 2705 1560 2777 aggre-

329 2801 426 2872 ditur
452 2797 641 2872 Celestina
661 2797 833 2871 ostendit.
860 2802 934 2871 lies
954 2811 1007 2870 est
1026 2801 1125 2870 enim
1151 2802 1273 2895 magni
1290 2796 1466 2869 momenti
1489 2820 1560 2867 nec

330 2913 479 3012 periculi
502 2939 629 3010 expers
650 2948 656 3004 ;
681 2912 843 2986 nobilem
867 2928 903 2986 et
931 2929 1069 2986 castam
1087 2912 1245 3008 puellam
1276 2913 1371 3008 apud
1386 2923 1559 3009 parentes

329 3028 664 3127 ipsosepudicitia
683 3041 842 3102 avertere
881 3028 1068 3102 Celestina
1097 3033 1236 3101 statuit.
1273 3028 1339 3099 Pili
1373 3023 1558 3099 vendendi

330 3170 440 3217 causa
461 3146 612 3217 domum
633 3134 787 3239 virginis
815 3148 925 3217 intrat
950 3159 985 3214 et
1013 3142 1128 3214 solam
1150 3143 1351 3215 Melibeam
1373 3140 1557 3228 offendit3

330 3258 416 3333 dum
440 3273 528 3332 ante
553 3258 704 3355 virginis
726 3258 852 3331 oculos
891 3282 1047 3331 mercem
1075 3256 1306 3331 vendendam
1333 3260 1496 3353 exponit,
1520 3267 1560 3327 ut

330 3374 399 3449 sibi
422 3373 620 3447 Melibeam
655 3372 827 3446 conciliet
861 3374 905 3446 de
942 3385 1130 3445 senectute
1161 3399 1227 3446 sua
1255 3371 1438 3469 pratiatur,
1471 3370 1561 3443 dein

332 3489 565 3562 laudationes
580 3491 616 3559 in
633 3514 713 3561 eam
737 3492 902 3585 congerit
922 3503 957 3559 et
976 3504 1171 3584 postquam
1192 3512 1273 3559 earn
1289 3490 1344 3559 sui
1356 3485 1561 3559 studiosam

331 3604 465 3691 lecerit,
485 3628 526 3677 se
547 3601 663 3697 ipsam
684 3630 770 3700 quae
792 3608 838 3675 sit
854 3603 1014 3675 nondum
1044 3606 1220 3697 aperiens,
1242 3600 1362 3675 verbis
1391 3604 1562 3675 virtutem

331 3717 634 3792 assimulantibus
654 3732 689 3791 et
706 3718 810 3792 vultu
844 3722 883 3791 in
909 3717 1123 3791 modestiam
1161 3722 1364 3812 composito
1384 3743 1459 3791 non
1479 3720 1563 3790 sine

331 3834 551 3931 ambagibus
574 3839 785 3929 pronuntiat
810 3860 849 3907 se
882 3857 1029 3929 operam
1051 3832 1138 3907 dare
1172 3846 1210 3904 ut
1240 3832 1359 3920 bonis,
1379 3846 1561 3929 quantum

331 3949 525 4046 plurimum
546 3952 673 4045 possit,
693 3972 841 4045 operam
872 3946 960 4019 ierat
980 3981 986 4035 ;
1009 3972 1047 4018 se
1076 3962 1239 4043 paratam
1261 3973 1402 4043 semper
1416 3973 1497 4020 esse
1520 3960 1564 4019 ut

332 4063 555 4160 temporibus
568 4063 746 4161 bonorum
767 4064 909 4135 adsitet
925 4066 1053 4134 amicis
1073 4062 1325 4134 laborantibus
1344 4075 1531 4135 succurrat
1552 4096 1559 4151 3

333 4183 427 4250 inter
447 4183 588 4251 amicos
613 4178 763 4249 tandem
783 4177 977 4249 honestum
1007 4177 1202 4273 quemdam
1229 4176 1397 4271 juvenem
1426 4177 1565 4251 habere

333 4300 389 4364 cui
411 4318 518 4388 opem
539 4291 594 4363 vel
619 4292 814 4364 maximam
836 4290 997 4362 Melibea
1013 4294 1099 4361 terre
1119 4291 1242 4385 possit.
1266 4293 1419 4387 Virgine
1439 4308 1565 4365 autern
1624 4310 1629 4318 “

333 4407 420 4505 quid
454 4406 523 4479 sibi
561 4406 625 4479 illa
657 4406 811 4479 obscura
851 4404 1029 4478 vocabula
1064 4406 1177 4477 velint
1204 4407 1419 4493 demirante,
1460 4406 1567 4479 addit

334 4520 520 4596 Celestina
534 4520 624 4591 nihil
643 4525 761 4617 magis
780 4548 803 4593 a
818 4519 996 4614 religione
1018 4523 1196 4613 imperari,
1217 4520 1305 4590 nihil
1325 4523 1404 4593 Dco
1424 4528 1568 4610 gratius

330 4662 412 4715 esse
446 4661 556 4734 quam
579 4640 608 4707 si
649 4635 694 4707 de
723 4635 805 4707 aliis
843 4635 938 4705 bene
975 4658 1198 4722 mereamur;
1235 4649 1309 4706 tum
1340 4635 1487 4709 demum
1518 4638 1568 4711 de

335 4752 476 4831 Calisto
491 4754 551 4850 agi
563 4751 664 4823 dicit.
684 4750 1033 4855 Indignanteautem
1050 4747 1208 4821 Melibea
1218 4775 1256 4823 se
1270 4749 1564 4849 haudquaquam
