3475 5609
197 1409 277 1506 Jam
298 1409 406 1479 variis
431 1403 628 1479 Celestz'nce
650 1404 812 1501 personis
832 1409 921 1478 satis
940 1406 1122 1504 dispectis
1148 1405 1236 1504 quid
1256 1431 1301 1479 ex
1314 1405 1372 1481 his

148 1527 198 1596 rei
215 1536 269 1594 est
291 1521 358 1596 nisi
381 1525 508 1592 miram
536 1535 571 1592 et
591 1519 767 1617 triplicem
783 1519 936 1593 formam
955 1519 1187 1594 Fernandum
1207 1534 1371 1594 nostrum

146 1635 452 1737 Tragicornoediae
490 1661 562 1708 suae
599 1639 752 1732 primurn
787 1634 951 1710 induisse
993 1640 1128 1736 quippe
1174 1663 1254 1736 quae
1293 1651 1369 1711 tum

146 1757 295 1828 demum
316 1768 351 1826 et
371 1751 560 1852 religionis
580 1751 756 1824 custodiis
771 1757 924 1825 omnino
950 1751 1115 1840 liberata,
1140 1766 1176 1826 et
1195 1752 1370 1826 recentio-

147 1898 225 1946 rum
243 1871 433 1942 hominum
449 1869 581 1942 studiis
603 1873 721 1966 magis
736 1883 998 1958 consentanea,
1014 1883 1050 1941 et
1065 1894 1146 1942 vere
1159 1867 1371 1942 dramaticis

146 1985 340 2076 virtutibus
359 1984 510 2082 praedita
530 2009 609 2058 esse
629 1983 804 2059 videatur.
828 1985 898 2058 Cui
918 1988 1108 2059 sententiae
1124 1983 1235 2082 longe
1252 1985 1371 2058 aberis

145 2119 187 2180 ut
213 2103 401 2176 adversere
426 2105 455 2173 si
486 2125 559 2197 quo
588 2099 712 2173 labula
742 2101 839 2174 nodo
867 2100 1080 2198 implicetur,
1119 2127 1193 2199 qua
1229 2093 1372 2175 diversa

145 2223 288 2292 ratione
305 2217 425 2290 Plauti
442 2231 477 2288 et
492 2205 653 2288 Terentii
682 2229 796 2289 artem
817 2215 984 2289 immutet
1004 2229 1040 2290 et
1059 2229 1215 2304 renovet,
1237 2217 1371 2314 quibus

145 2336 307 2433 denique
335 2336 438 2432 quasi
465 2335 586 2404 nervis
610 2343 644 2404 et
669 2331 815 2405 lacertis
843 2330 965 2428 vigeat
994 2335 1091 2431 prius
1124 2335 1367 2432 inquisiveris.

146 2455 251 2528 Cave
271 2461 413 2523 tantum
435 2474 480 2521 ne
498 2445 695 2521 Celestinae
714 2445 961 2545 dijudicandae
992 2447 1225 2548 disciplinam
1258 2454 1370 2524 comi·

146 2575 200 2644 cis
219 2571 338 2668 poetis
358 2565 405 2639 ab
432 2566 594 2663 antiquis
614 2567 824 2663 impositam
850 2565 1042 2640 adhibeas.
1063 2567 1243 2660 Quamvis
1269 2573 1369 2642 enirn

146 2686 296 2758 liberius
322 2697 357 2756 et
386 2681 533 2779 longius
563 2680 753 2755 Celet-tina
778 2696 952 2780 evagetur
978 2706 1054 2756 non
1083 2710 1128 2756 ea
1157 2698 1213 2760 est
1245 2700 1369 2762 tamen

145 2829 228 2900 quae
257 2797 349 2871 nihil
382 2795 569 2870 theatralis
598 2801 717 2894 operis
748 2796 895 2875 habeat.
928 2799 1108 2898 Equidem
1138 2827 1213 2874 non
1240 2806 1370 2900 ignoro

144 2943 228 2992 eam
262 2920 378 3014 priore
398 2912 527 2986 habitu
548 2937 736 3012 nunquam
775 2917 813 2987 in
844 2938 992 2987 scenam
1019 2915 1234 3013 productam
1257 2942 1337 2992 esse
1359 2952 1367 3012 ;

146 3032 235 3132 quid
255 3057 340 3104 vero
363 3027 474 3127 quod,
505 3027 724 3126 quibusdam
754 3027 916 3126 partibus
941 3029 989 3102 ab
1020 3030 1104 3104 aliis
1136 3034 1370 3130 scriptoribus

144 3151 357 3248 amputatis,
397 3133 444 3218 a⁴d
472 3143 614 3241 pulpita
634 3160 760 3241 postea
775 3144 924 3218 admota
943 3147 1025 3218 est?
1046 3147 1146 3241 Quid
1173 3155 1369 3246 praesertim

146 3263 259 3364 quod,
273 3285 486 3361 quanquam
504 3258 725 3357 ignobilium
738 3284 972 3358 personarum
987 3259 1091 3334 dolos
1102 3289 1174 3335 non
1191 3265 1368 3365 repudiat,

146 3379 284 3468 anima,
324 3390 363 3450 ut
400 3381 451 3449 ita
483 3372 619 3463 dicam,
654 3374 728 3448 alia
758 3401 802 3448 ac
838 3375 1019 3449 Plautinae
1065 3391 1101 3450 et
1136 3381 1370 3455 Terentianae

11 3517 12 3532 ¹
120 3495 277 3590 ‘fabulae
304 3497 396 3566 vivit
423 3491 486 3564 illa
515 3503 551 3563 et
579 3491 722 3588 spirat?
753 3490 836 3580 Non
858 3495 957 3564 enim
978 3519 1224 3570 nuncscaveae
1257 3499 1369 3571 rudis-

145 3615 258 3685 simos
292 3608 397 3696 sales
425 3634 522 3681 nunc
551 3605 737 3704 equitibus
765 3611 987 3705 exquisitam
1016 3614 1369 3686 contaminationem

145 3725 293 3826 praebet,
317 3725 381 3798 sed
403 3723 541 3796 homini
563 3726 695 3819 cuique
715 3725 867 3819 patricio
887 3738 950 3796 aut
969 3723 1113 3820 plebeio
1132 3752 1254 3800 veram
1287 3732 1370 3803 vitae

149 3849 347 3943 imaginem
365 3840 533 3940 proponit
549 3865 658 3938 quam
675 3840 729 3912 vel
747 3843 902 3914 minima
919 3840 1080 3915 colorum
1101 3847 1275 3918 varietate
1289 3846 1371 3919 red-

146 3960 230 4032 dere
246 3962 471 4058 propositum
493 3954 617 4030 habet.
1364 4047 1367 4050 .

196 4076 289 4150 Cum
310 4088 431 4148 autem
452 4085 541 4172 quot
555 4073 670 4144 animi
694 4085 812 4146 motus
838 4076 923 4146 sunt
948 4088 1002 4146 tot
1029 4072 1321 4171 significationes
1335 4090 1372 4152 et

145 4194 449 4266 commutationes
466 4189 504 4262 F
503 4191 661 4262 ernando
672 4189 716 4260 de
727 4187 842 4287 Rojas
853 4187 999 4278 efficiat,
1018 4191 1221 4281 nonnullis,
1240 4192 1365 4284 lateor,

146 4307 392 4382 incommodis
410 4307 577 4382 occurrit.
606 4304 712 4402 Saepe
732 4304 940 4402 saepiusque
964 4319 1003 4380 ut
1027 4333 1094 4381 nos
1124 4335 1198 4407 quo
1213 4336 1371 4410 quaeque

145 4449 301 4522 persona
336 4423 455 4512 mod0‚
495 4446 762 4520 quemcumque
792 4419 916 4494 labula
942 4423 1024 4496 tulit
1053 4450 1189 4512 casum,
1210 4431 1370 4501 vicissim

144 4539 335 4629 afficiatur,
357 4553 499 4614 servato
519 4562 633 4611 rerum
651 4537 789 4625 ordine,
810 4537 953 4626 doceat,
980 4539 1108 4628 multa,
1139 4541 1271 4639 quibus
1294 4541 1370 4641 jam

145 4657 382 4746 interfuimus,
403 4679 570 4728 sermone
582 4657 710 4728 iterata
722 4654 829 4727 nobis
844 4659 1024 4752 proponit,
1043 4673 1079 4730 et
1094 4683 1175 4756 quae
1194 4685 1269 4734 non
1289 4661 1370 4732 sine

142 4776 263 4872 gratia
282 4787 365 4848 acta
374 4783 460 4848 sunt
478 4797 523 4846 ea
542 4769 724 4845 narrando
737 4774 945 4870 corrumpit.
964 4772 1068 4845 Adde
1082 4773 1182 4872 quod
1197 4772 1370 4849 nonnihil

1229 4927 1248 4984 5
