3475 5609
854 458 1014 523 „14-

328 608 431 681 dotes
450 606 643 679 decurrunt
662 618 700 679 ut
713 605 866 703 piaculis
893 621 928 679 et
952 606 1119 702 precibus
1133 630 1200 680 sua
1219 605 1292 679 illis
1311 620 1374 681 aut
1388 635 1551 683 exsecra·

327 725 414 798 bilia
434 737 497 798 aut
511 748 600 797 sane
631 722 819 819 religionis
835 722 935 819 leges
948 722 1124 796 laedentia
1153 723 1251 795 lacta
1277 724 1546 801 condonentur.

326 842 366 913 ln
395 846 440 913 iis
468 839 616 912 tandem
654 838 816 936 antiquis
853 838 1024 911 cantibus
1051 864 1118 911 nec
1148 838 1280 912 desunt
1296 841 1465 938 exempla
1491 843 1547 915 vel

324 957 450 1029 crebra
469 955 601 1053 quibus
638 957 820 1029 rusticitas
848 979 986 1027 morum
1020 968 1186 1051 erumpat
1224 969 1259 1029 et
1292 956 1401 1031 rudes
1432 962 1547 1030 animi

324 1074 576 1157 ostendantur,
620 1076 695 1144 sive
736 1096 797 1143 rex
836 1070 1086 1145 Ferdinandus
1139 1070 1317 1169 quasdam
1353 1071 1547 1147 Chimenae

323 1187 489 1287 querelas
505 1185 549 1259 de
570 1190 700 1259 marito
733 1185 872 1259 salibus
892 1186 1012 1259 minus
1036 1186 1163 1259 lacetis
1182 1186 1322 1262 deridet
1342 1192 1418 1262 sive
1431 1189 1543 1264 iliad.

322 1306 476 1378 Lumbra
491 1303 670 1378 cucumim
684 1306 865 1399 sanguine
885 1302 1051 1376 relertum
1069 1302 1167 1400 injici
1185 1307 1225 1376 in
1242 1318 1410 1401 nepotem
1429 1304 1542 1403 jubet,

321 1426 396 1494 sive
417 1434 589 1493 sexcenta
609 1417 681 1491 alia
702 1400 785 1515 puae
801 1418 928 1491 relerre
950 1443 1225 1515 supervacuum.

372 1538 464 1610 Haec
498 1534 691 1608 dissimilia
716 1547 751 1608 et
777 1538 882 1633 quasi
916 1538 1009 1607 inter
1028 1560 1067 1607 se
1092 1540 1310 1633 pugnantia,
1333 1563 1378 1609 ex
1411 1538 1545 1636 quibus

322 1666 452 1726 natura
477 1652 724 1748 Hispanorum
744 1649 938 1748 peculiaris
957 1650 1147 1742 conflatur,
1180 1654 1217 1723 in
1252 1651 1369 1726 lucem
1408 1659 1545 1753 quique

319 1794 447 1843 omnes
467 1767 668 1841 docuerunt
692 1766 835 1840 iabulas
854 1780 890 1839 et
922 1770 961 1839 in
982 1766 1117 1863 primis,
1131 1768 1224 1867 Lope
1242 1770 1286 1841 de
1307 1771 1403 1869 Vaga
1423 1784 1543 1868 protu-

319 1885 448 1958 lerunt.
472 1885 540 1957 Vel
561 1888 591 1957 si
626 1882 734 1956 altius
762 1886 992 1980 introspicias
1011 1897 1047 1955 et
1076 1884 1122 1955 ad
1146 1883 1229 1958 illos
1249 1884 1417 1982 dialogos
1446 1886 1544 1960 unde

320 2000 546 2074 «comedia»
567 2003 682 2073 evasit
701 1998 901 2087 revertariS,
913 2024 1076 2097 quosque
1095 1999 1162 2073 sub
1182 1999 1256 2073 line
1271 2000 1388 2099 quinti
1409 2002 1541 2075 decimi

317 2131 398 2214 post
431 2120 463 2215 J.
494 2116 537 2189 C.
573 2114 699 2189 saeculi
717 2120 872 2211 primum
889 2119 927 2186 in
947 2140 1015 2188 usu
1035 2115 1146 2188 luisse
1161 2116 1249 2189 satis
1275 2128 1434 2209 constat,
1459 2118 1541 2191 haec

316 2233 443 2305 eadem
465 2236 631 2305 invenias
654 2267 660 2303 :
680 2236 718 2304 in
739 2257 812 2328 qua
832 2236 942 2327 igitur
956 2244 1057 2329 parte
1091 2231 1359 2305 immorandum
1391 2258 1541 2307 necesse

315 2348 496 2421 videbitur
511 2352 540 2421 si
562 2374 646 2446 quae
666 2346 772 2422 luerit
792 2350 826 2421 C
825 2346 983 2419 elestina
994 2331 1124 2445 quidve
1141 2352 1228 2421 novi
1240 2375 1363 2422 secum
1380 2348 1540 2422 attulerit

315 2464 538 2562 perpendere
557 2462 736 2537 volumus.
760 2464 808 2537 Ut
823 2466 923 2535 enim
944 2467 982 2534 in
1002 2468 1133 2537 ceteris
1154 2466 1309 2562 Europae
1330 2463 1540 2562 regionibus

314 2585 367 2654 sic
382 2580 438 2655 vel
459 2584 642 2678 praecipue
676 2585 713 2652 in
744 2580 926 2676 Hispania
953 2583 1051 2651 circa
1084 2579 1299 2677 religionem
1334 2584 1536 2680 praesertim

311 2708 502 2772 versantur
521 2696 746 2771 incunabula
766 2696 897 2769 theatri
924 2709 960 2768 et
980 2723 1024 2769 ex
1054 2694 1118 2769 illo
1151 2701 1256 2795 quasi
1294 2722 1399 2770 sacro
1436 2696 1538 2769 lonte

312 2812 458 2911 profluit
494 2812 676 2912 quidquid
697 2813 734 2885 in
769 2812 837 2886 hoc
856 2838 991 2909 genere
1025 2812 1223 2885 litterarum
1257 2816 1430 2911 scriptum
1466 2824 1535 2886 est.

313 2932 455 3027 Nempe
479 2929 553 3002 illae
573 2928 767 3027 tragoediae
799 2928 854 3003 vel
876 2928 1071 3003 comoediae
1102 2955 1194 3027 quas
1230 2930 1391 3002 Romani
1425 2932 1536 3027 scrip·

312 3060 407 3119 tores
421 3045 494 3143 jam
515 3045 601 3118 inde
616 3072 638 3118 a
652 3049 858 3143 principatu
875 3046 1029 3142 Augusti
1049 3068 1124 3117 non
1140 3044 1187 3117 ad
1199 3045 1366 3117 ultimam
1386 3070 1536 3117 caveam

311 3164 374 3235 sed
394 3162 440 3235 ad
461 3156 649 3235 doctorum
670 3174 706 3233 et
730 3160 962 3259 prudentium
996 3166 1140 3234 animos
1160 3159 1398 3233 delectandos
1427 3164 1536 3259 respi-

311 3282 450 3351 cientes
470 3277 663 3351 ediderunt
684 3303 873 3374 nunquam
894 3277 941 3349 ad
962 3275 1060 3373 vulgi
1090 3301 1236 3350 sensum
1258 3276 1535 3350 accommodata

309 3395 417 3468 luere.
450 3394 527 3467 Nec
562 3395 647 3466 dum
684 3392 832 3465 Barbari
863 3396 998 3489 saepius
1036 3408 1136 3465 trans
1170 3392 1370 3491 Pyrenaeos
1391 3405 1535 3465 montes

311 3510 557 3607 irrumpebant
578 3536 645 3583 nec
658 3536 721 3608 per
740 3509 1018 3607 turbns'quibus
1036 3510 1218 3606 Hispania
1236 3508 1373 3606 jamdiu
1403 3523 1535 3581 vexata

308 3642 362 3699 est
396 3627 534 3700 licitum
569 3640 679 3700 estut
718 3650 921 3700 consensus
949 3625 1139 3697 hominum
1169 3623 1297 3697 litteris
1330 3622 1533 3698 deditorum

309 3742 469 3832 herent,
499 3768 584 3839 quae
605 3768 715 3815 causa
736 3742 801 3814 luit
827 3767 889 3813 cur
908 3767 984 3813 non
1004 3740 1051 3824 ad
1090 3739 1283 3813 Plautinas
1311 3740 1365 3812 vel
1401 3740 1534 3819 Teren-

308 3858 428 3931 tianas
445 3858 586 3931 labulas
599 3857 866 3956 respiciendum
892 3862 950 3947 sit,
965 3857 1029 3930 sed
1046 3856 1093 3929 ad
1109 3855 1299 3929 Atellanas
1315 3859 1532 3954 mimosque,

308 3978 338 4047 si
372 3977 477 4071 quasi
495 3978 564 4072 ¹per
592 3974 729 4072 gradus
767 3972 812 4045 de
845 3976 999 4071 antiquo
1032 3972 1174 4047 theatro
1208 3970 1254 4042 ad
1293 3975 1532 4045 recentiorum

308 4106 509 4187 temporum
536 4089 717 4163 theatrum
743 4088 948 4185 transgredi
969 4089 1005 4161 in
1027 4088 1150 4162 animo
1169 4102 1236 4161 est.

357 4206 436 4279 Nec
455 4210 580 4307 magni
601 4203 810 4279 aestimandi
830 4217 915 4277 sunt
936 4203 988 4276 illi
1009 4205 1210 4278 Arabarum
1232 4202 1369 4300 dialogi
1393 4206 1455 4300 qui
1474 4202 1529 4277 vel
1550 4254 1558 4267 .

307 4348 387 4396 raro
407 4335 551 4397 exstant
572 4326 708 4420 quique
723 4336 758 4395 et
773 4320 881 4395 soluti
903 4335 939 4393 et
955 4321 1101 4393 hiantes
1121 4347 1143 4393 a
1171 4320 1277 4395 rebus
1291 4318 1531 4393 theatralibus

307 4438 414 4514 valde
433 4438 629 4511 abhorrent
648 4452 685 4511 et
705 4442 743 4509 in
759 4436 948 4511 codicibus
967 4463 990 4509 a
1009 4439 1042 4511 C
1042 4436 1147 4509 asz'rz'
1161 4439 1212 4532 (Ι)
1227 4435 1411 4535 productis
1431 4438 1529 4507 inve·

307 4555 478 4645 niuntur;
518 4579 637 4653 neque
658 4553 804 4651 majoris
821 4557 995 4627 momenti
1028 4577 1106 4626 esse
1127 4552 1263 4626 debent
1292 4550 1367 4623 illae
1394 4549 1530 4625 labulae

339 4834 375 4897 (1)
390 4828 431 4883 Cl.
446 4845 460 4879 ι
473 4828 634 4881 Bibliotheca
649 4829 881 4895 Arabico-hispana
896 4827 1080 4879 Escurialensis
1098 4845 1120 4879 r.
