3475 5609
754 599 796 684 69
1159 567 1301 596 ,Ἤν
1361 567 1390 588 .‚

161 762 219 838 sic
239 768 277 838 in
298 769 374 841 vita
394 765 561 840 homines
581 790 642 864 per
662 764 806 839 diversa
824 762 1074 838 fluctuantur?
1095 763 1236 862 ltaque,
1250 765 1280 834 si
1297 770 1393 861 quae*-

160 879 252 954 dam
277 880 390 984 Rojas
423 909 535 981 parva
564 895 626 955 aut
656 880 847 955 fastidiosa
866 878 1021 976 scripsit,
1059 903 1195 953 novam
1209 890 1333 953 tamen
1354 881 1391 950 in

159 996 395 1098 disponenda
415 998 540 1073 fabula
555 1003 651 1072 viam
668 1002 854 1096 ingressus
873 1009 978 1070 estet
993 994 1147 1094 primam
1161 996 1392 1092 tragicomoe·

160 1111 266 1185 diam
288 1119 505 1213 composuit.

217 1229 285 1306 Cui
302 1229 435 1304 labulae
449 1233 553 1320 novis
569 1255 714 1329 quoque
731 1231 852 1303 nervis
866 1253 958 1326 opus
968 1239 1045 1301 erat
1056 1225 1117 1326 qui
1132 1224 1179 1298 ad
1189 1231 1391 1326 precipuos

159 1369 284 1420 rerum
299 1360 334 1420 et
356 1345 545 1420 hominum
563 1360 682 1422 motus
700 1345 958 1445 exprimendos
971 1343 1145 1418 valerent.
1173 1344 1267 1439 Quae
1281 1344 1391 1442 igitur

158 1473 221 1533 est
235 1486 348 1536 causa
362 1489 425 1536 cur
444 1463 490 1536 ad
511 1465 692 1560 agendum
715 1463 883 1536 homines
896 1459 1107 1559 plemmque
1123 1458 1388 1557 impellantur?

158 1575 273 1650 Unde
293 1583 397 1677 quasi
416 1605 435 1652 e
455 1579 554 1652 lonte
572 1579 790 1654 inexhausto
806 1583 899 1652 risus
913 1591 949 1651 et
964 1576 1136 1668 lacrimae,
1159 1574 1331 1672 praeclare
1351 1586 1387 1649 et

159 1690 301 1765 nelarie
315 1693 413 1769 lacta
431 1695 633 1769 exsiliunt?
654 1696 739 1789 Qua
754 1718 896 1792 semper
910 1697 945 1767 vi
960 1690 1059 1766 dulci
1086 1690 1243 1764 simulet
1261 1715 1386 1764 amara

57 1862 62 1870 .
157 1806 304 1904 patricii
331 1823 367 1882 et
394 1809 528 1908 plebeii
556 1810 708 1909 juvenes
734 1823 770 1885 et
797 1813 909 1885 etiam
935 1833 1042 1883 senes
1068 1807 1385 1881 commoventur?

158 1921 298 1997 Nonne
342 1925 423 2000 haec
459 1927 583 2000 omnia
616 1931 750 2001 amoris
776 1930 979 2026 potentiam
1009 1923 1098 1999 satis
1121 1922 1334 2021 significant
1368 1923 1386 1996 l

158 2041 286 2134 Quam
308 2041 421 2130 Rojas
440 2042 546 2116 valde
565 2047 738 2141 cognovit
758 2061 793 2117 et
822 2041 974 2142 propriis
996 2042 1163 2139 depinxit
1176 2038 1376 2112 coloribus.

157 2153 246 2229 Non
271 2161 370 2229 enim
389 2163 435 2240 ei,
463 2158 560 2233 velut
579 2163 741 2259 antiquis
770 2158 899 2258 poetis,
922 2160 1082 2256 corporis
1101 2167 1243 2233 tantum
1268 2154 1384 2228 lorma

158 2269 331 2344 mulieres
351 2277 511 2349 eminere
531 2274 708 2366 videntur,
732 2301 800 2350 nec
819 2300 954 2364 rursus,
974 2272 1072 2348 velut
1088 2271 1189 2347 Italis
1204 2272 1383 2368 scriptori·

158 2386 243 2473 bus,
277 2413 374 2461 nunc
407 2395 625 2490 excogitatis
653 2404 689 2466 et
718 2392 919 2466 humanum
952 2389 1101 2465 modum
1120 2383 1383 2462 excedentibus

160 2503 367 2593 virtutibus,
401 2532 499 2580 nunc
532 2512 652 2605 pravis
679 2521 715 2582 et
747 2507 885 2582 dolosis
911 2503 1161 2604 voluptatibus
1193 2515 1379 2602 praestare.

160 2619 303 2693 Novam
339 2634 465 2695 contra
483 2635 519 2696 et
539 2627 657 2724 magis
676 2626 915 2699 recentiorum
944 2623 1064 2699 studio
1093 2635 1380 2694 consentaneam
1454 2607 1460 2618 ’

38 2791 41 2798 .
156 2739 317 2832 speciem
338 2736 500 2812 Melibea
520 2740 638 2814 induit
658 2767 742 2839 quae
771 2754 807 2814 et
839 2742 1049 2838 Maurarum
1069 2738 1196 2838 ardore
1215 2735 1325 2836 {gervet
1344 2746 1381 2808 et
1434 2797 1443 2811 .

156 2848 446 2926 Christianarum
459 2857 794 2933 caritatemollitur.
819 2858 914 2933 Cum
934 2868 1055 2930 autem
1076 2853 1125 2926 ab
1147 2879 1191 2926 ea
1206 2866 1282 2925 toto
1304 2875 1379 2923 non

154 2965 272 3040 solum
289 2993 437 3068 corpore
452 2970 516 3044 sed
538 2977 649 3047 etiam
670 2959 795 3048 animo
819 2971 966 3049 Calisto
993 2970 1178 3067 diligatur,
1201 2992 1324 3040 amore
1343 2977 1379 3039 et

154 3084 232 3180 ipse
251 3081 381 3182 flagrat
400 3092 461 3184 qui
482 3093 596 3161 animi
614 3092 747 3187 pariter
766 3115 810 3162 ac
823 3092 984 3188 corporis
998 3083 1247 3182 voluptatibus
1267 3086 1378 3155 inser-

152 3195 214 3270 vit.
240 3201 381 3276 Omnes
400 3204 523 3303 itaque
539 3220 703 3303 pastores
717 3220 779 3280 aut
795 3209 995 3302 armigeros
1017 3200 1139 3298 procul
1163 3225 1185 3272 a
1205 3225 1244 3273 se
1268 3196 1377 3271 relin-

153 3317 232 3412 quit
245 3319 307 3413 qui
329 3321 367 3389 in
387 3319 565 3415 prioribus
586 3320 733 3418 Eclogis
750 3320 861 3420 lyrico
881 3318 990 3393 modo
1000 3315 1222 3416 Cupidinem
1237 3315 1376 3412 eisdem

153 3453 293 3528 semper
311 3434 466 3530 querelis
481 3437 804 3536 prosequebantur.
828 3440 914 3532 Quo
933 3433 1108 3508 validiore
1122 3431 1183 3506 ille
1202 3442 1240 3504 et
1261 3428 1375 3504 multo

155 3547 272 3642 magis
287 3553 426 3645 tragico
442 3549 575 3625 aflectu
586 3552 762 3627 excitetur
777 3552 958 3626 subtiliter
968 3575 1035 3624 nos
1047 3547 1235 3624 Celestina
1252 3545 1373 3619 docet.

156 3671 172 3728 <t
196 3660 335 3752 Nullas,
357 3665 485 3764 inquit,
510 3684 679 3742 amantes
699 3670 878 3741 nisiinter
896 3693 935 3741 se
955 3679 1162 3764 pugnantes
1187 3686 1243 3735 res
1267 3685 1376 3758 agere

153 3785 376 3878 possuntqui
395 3809 462 3856 nec
488 3784 687 3883 loquuntur
702 3811 769 3858 nec
789 3783 911 3870 silent,
929 3787 991 3883 qui
1014 3806 1112 3856 nunc
1126 3779 1256 3853 laetitia
1277 3801 1375 3850 nunc

153 3891 275 3972 dolore
304 3896 522 3991 afficiuntur,
554 3899 647 3974 adeo
677 3904 906 3984 insanientes
931 3916 965 3972 et
986 3897 1090 3971 deliri
1111 3910 1151 3970 ut
1177 3921 1223 3968 ne
1252 3893 1375 3967 cibum

153 4010 299 4106 quidem
326 4013 363 4086 in
386 4041 427 4088 os
452 4015 635 4091 inserendi
658 4041 835 4090 memores
857 4017 966 4090 fiant.
994 4013 1095 4088 Nihil
1116 4035 1281 4110 unquam
1303 4013 1374 4086 nisi

153 4123 308 4199 absurda
323 4144 359 4202 et
372 4131 513 4207 absona
524 4132 745 4230 respondent
761 4144 886 4230 utpote
906 4155 1060 4231 quorum
1080 4155 1211 4228 corpus
1231 4138 1374 4202 tantum

152 4239 265 4332 adsit3
302 4249 447 4320 animus
477 4276 559 4322 vero
579 4249 675 4322 absit
700 4247 746 4322 ad
768 4253 925 4322 amicam
948 4244 1203 4346 requirendam
1235 4242 1391 4342 prolec-¹

151 4372 205 4428 tus
228 4387 259 4430 s.
286 4363 337 4455 (1)
361 4363 445 4436 Non
467 4368 517 4436 ita
545 4366 715 4439 absoluta
744 4380 878 4439 ceterae
904 4387 1083 4462 personae,
1114 4359 1178 4434 sed
1210 4357 1373 4457 ejusdem

151 4477 293 4568 generis
318 4477 490 4574 cupidine
505 4479 644 4567 ardent,
670 4483 746 4554 sive
768 4481 884 4553 Elicia
903 4479 1010 4576 justae
1026 4491 1169 4552 tantum
1190 4480 1250 4548 irae
1269 4499 1371 4548 man·

151 4587 234 4660 data
257 4598 406 4690 exsequi
434 4610 548 4692 putat,
584 4601 659 4670 sive
688 4599 870 4671 Parmeno
911 4595 1051 4671 domini
1082 4593 1237 4668 salutem
1275 4589 1372 4663 lictis

82 4819 85 4830 '
179 4835 216 4898 (1)
233 4833 273 4886 et.
291 4838 384 4890 Actum
402 4841 447 4894 1x.
528 4831 531 4836 ’
