3475 5609
903 527 1086 590 -108-

382 702 620 788 prosequatur
639 689 841 779 blanditiis,
865 690 994 787 puellae
1015 693 1162 763 virtutes
1185 704 1222 762 et
1249 693 1395 764 sutoriae
1422 693 1509 764 artis
1535 687 1612 762 ins·

381 819 564 880 trumenta
583 809 621 877 in
641 823 825 879 certamen
841 807 990 879 deducit
1002 820 1037 879 et
1050 804 1259 879 inconsulta
1274 805 1488 904 scurrilique
1508 805 1610 878 dica·

381 925 490 995 citate
510 921 701 994 contundit
727 937 761 994 ct
783 923 979 1019 perturbat.
1003 925 1071 1017 (ι).
1095 924 1199 1016 Quae,
1226 926 1293 994 etsi
1323 947 1346 994 a
1371 920 1609 1018 simplicitate

381 1051 414 1110 et
430 1041 580 1111 veritate
597 1037 800 1124 abhorrent,
820 1066 893 1110 non
915 1038 952 1109 in
970 1038 1152 1134 Hispania
1168 1049 1314 1110 tantum
1328 1035 1525 1111 floruerunt
1540 1037 1608 1110 sed

381 1179 403 1226 a
433 1155 589 1228 Scnrron
616 1155 711 1250 apud
738 1154 867 1228 Gallos
896 1159 1090 1250 importata
1116 1166 1256 1226 suntet
1276 1153 1338 1226 diu
1357 1152 1509 1251 probata
1536 1153 1603 1248 (2),

380 1268 499 1342 donec
523 1269 678 1344 Boz‘leau
694 1286 728 1344 et
749 1269 918 1358 Muliere,
942 1272 1130 1367 praeceptis
1160 1268 1235 1357 ille,
1259 1269 1318 1341 hic
1334 1284 1453 1344 autem
1483 1293 1605 1342 exem·

380 1385 450 1480 plis
466 1412 529 1482 pro
559 1386 782 1458 immanibus
802 1385 980 1482 ejusmodi
999 1385 1090 1483 jocis
1110 1385 1362 1458 humaniorem
1382 1398 1419 1458 et
1437 1384 1607 1458 urbanio·
1634 1435 1640 1444 -

379 1525 453 1572 rem
473 1506 582 1575 risum
604 1528 666 1574 eos
687 1503 891 1575 docuerint.

430 1618 577 1712 Optime
595 1617 833 1691 nihilominus
849 1617 894 1691 de
912 1618 1139 1715 hispaniensi
1156 1618 1301 1691 theatro
1314 1617 1406 1715 Lope
1419 1620 1462 1692 de
1476 1619 1607 1691 Rueda

381 1738 521 1806 meruit.
547 1737 768 1808 lntermixtis
789 1739 888 1807 enim
909 1734 1134 1832 joculatoriis
1153 1734 1297 1808 labellis
1311 1746 1346 1807 et
1365 1737 1476 1806 etiam
1492 1733 1604 1807 salta·

338 1847 341 1854 ⁴
378 1849 539 1922 tionibus
589 1849 814 1949 [sequentem
852 1849 899 1924 ad
932 1849 1083 1948 pulpita.
1109 1849 1233 1922 allexit
1271 1848 1443 1947 populum
1492 1875 1603 1948 quem

379 1992 397 2032 «
418 1966 582 2065 Introyr‘o
598 1995 617 2034 »
656 1991 721 2038 suo
738 1963 956 2040 delectatum
978 1979 1015 2039 et
1042 1995 1060 2035 ‹<
1083 1967 1345 2064 Argumenta»
1370 1965 1602 2038 admonitum

376 2106 489 2178 usque
524 2079 570 2152 ad
599 2081 710 2154 finem
740 2081 917 2181 longioris
937 2094 973 2154 et
993 2080 1183 2155 definitum
1213 2080 1410 2178 quemdam
1435 2080 1602 2154 ordinem

377 2199 556 2268 servantis
589 2194 787 2292 spectaculi
822 2195 953 2269 ducere
981 2209 1017 2269 et
1049 2199 1205 2269 retinere
1228 2195 1354 2269 valuit.
1386 2195 1472 2269 Non
1496 2194 1604 2269 aliter

376 2311 552 2408 majorum
588 2324 750 2384 nostrum
788 2311 1081 2385 benevolentiam
1116 2311 1326 2385 Alexander
1360 2313 1497 2411 Hardy
1528 2311 1600 2386 sibi

376 2427 588 2501 conciliavit
607 2442 642 2500 ct
663 2427 797 2524 dignus
817 2427 881 2502 luit
904 2432 961 2501 cui
979 2453 1137 2524 magnas
1156 2431 1295 2524 gratias
1321 2430 1536 2525 posteriores
1562 2440 1601 2501 et

315 2599 318 2606 .
377 2541 492 2616 multo
511 2543 755 2640 praeclariores
777 2543 1009 2617 theatralium
1029 2569 1176 2640 operum
1211 2556 1378 2616 auctores
1407 2542 1596 2616 deberent.

374 2659 509 2731 Nonne
528 2684 708 2732 summam
729 2686 876 2758 quoque
905 2661 1000 2757 apud
1026 2674 1190 2756 posteros
1210 2663 1333 2756 gentis
1366 2685 1439 2733 suae
1468 2672 1599 2757 poetas

371 2773 525 2872 gratiam
556 2775 649 2872 Lope
667 2778 711 2848 de
729 2778 856 2849 Rueda
885 2780 978 2865 iniit,
1003 2774 1315 2873 quandoquidem,
1338 2779 1432 2848 veris
1453 2774 1598 2873 ignobi·

372 2889 460 2962 lium
484 2905 692 2963 naturarum
723 2891 949 2990 imaginibus
968 2890 1134 2990 fictisque
1151 2891 1326 2965 -ltalorum
1346 2889 1479 2964 labulis
1498 2890 1597 2965 haud

372 3009 493 3103 inepte
519 3006 664 3104 junctis
699 3007 895 3081 multorum
927 3007 1076 3106 plausus
1115 3011 1226 3081 movit
1254 3010 1316 3105 qui
1354 3032 1411 3081 res
1434 3010 1528 3080 inter
1557 3033 1597 3082 se

370 3127 573 3196 contrarias
597 3149 671 3196 non
693 3137 768 3196 tam
793 3123 831 3195 in
852 3149 1088 3221 personarum
1107 3123 1225 3197 verbis
1247 3149 1356 3220 quarn
1377 3126 1416 3195 in
1436 3126 1595 3221 ipsorum

370 3237 503 3310 animis
520 3244 732 3313 notissimas
754 3254 789 3313 et
809 3240 1014 3313 carissimas
1033 3239 1261 3337 reperiebant
1281 3241 1297 3312 l
1316 3239 1414 3334 Quia
1443 3266 1527 3314 vero
1547 3240 1596 3314 ad

369 3378 518 3426 caveam
549 3355 743 3452 praesertim
775 3356 979 3454 spectabat,
1011 3381 1130 3454 nequo
1159 3354 1351 3428 comoediis
1381 3359 1467 3443 suis,
1500 3360 1596 3431 sicut

373 3470 504 3543 Torres
520 3472 701 3560 Nalzarro,
723 3471 958 3568 disciplinam
980 3473 1179 3571 quamdam
1196 3483 1258 3543 aut
1272 3471 1400 3543 saltem
1421 3471 1595 3546 verisimi-

368 3585 561 3661 litudinem
583 3592 767 3685 imposuit,
790 3615 945 3686 nequee
965 3588 1155 3663 Celestina
1181 3587 1358 3685 tragicam
1386 3601 1422 3660 et
1450 3589 1594 3685 gravio·

368 3728 442 3776 rem
458 3708 592 3777 amoris
608 3717 642 3777 et
663 3704 814 3778 honoris
827 3709 986 3801 speciem
1006 3729 1129 3779 eruere
1145 3717 1300 3777 conatus
1314 3714 1382 3777 est.

346 3854 350 3864 ·
416 3821 613 3920 Tragicum
647 3824 766 3916 magis
799 3823 861 3918 qui
894 3824 926 3893 ei
960 3833 1212 3894 successerunt
1245 3819 1425 3892 interdum
1456 3823 1593 3917 spirare

366 3935 545 4025 videntur,
576 3941 726 4010 nonita
757 3951 881 4010 tamen
916 3950 954 4009 ut
985 3964 1006 4009 a
1038 3941 1129 4008 mira
1155 3935 1357 4008 tabularum
1393 3936 1594 4011 insolentia

366 4051 591 4125 abstineant.
628 4052 720 4144 Quae
753 4067 882 4125 contra
917 4056 1035 4149 magis
1066 4051 1177 4124 fidem
1206 4050 1388 4124 excedunt
1407 4078 1451 4124 ea
1472 4058 1593 4150 magis

366 4171 556 4264 magisque
578 4172 819 4264 spectantium
837 4168 995 4242 favorem
1011 4183 1295 4266 consequuntur.
1311 4168 1366 4240 Ne
1381 4170 1591 4266 spectacula

364 4309 384 4356 e
404 4283 580 4380 religione
596 4297 675 4356 orta
695 4309 893 4358 memorem
914 4288 980 4380 (3),
1004 4309 1156 4384 quorum
1178 4299 1341 4373 &mappae
1356 4299 1392 4358 et
1410 4290 1590 4383 portentis

394 4529 432 4594 (1)
445 4544 458 4578 c
471 4530 606 4578 Armelina
617 4547 640 4581 2.

394 4615 431 4671 (2)
442 4610 483 4659 Cl.
495 4611 608 4676 exempli
621 4611 710 4676 gratia,
724 4627 739 4661 ‹
752 4615 806 4660 Don
821 4610 922 4676 Japlret
934 4613 1082 4660 d'Armenr'e
1094 4628 1117 4661 a.

393 4692 431 4754 (3)
447 4691 487 4740 Ct.
501 4691 573 4743 verbi
586 4691 676 4757 gratio¹
692 4691 781 4753 Jaime
793 4693 915 4744 Ferrur:
934 4694 1075 4742 «Autode
1090 4694 1157 4742 Cain
1176 4712 1195 4756 y
1214 4694 1305 4744 Abel»
1323 4713 1333 4752 ;
1359 4701 1384 4743 et
1403 4695 1541 4743 Francisco
1556 4697 1588 4744 de

361 4771 400 4820 las
415 4773 513 4821 Cuevas
526 4792 533 4818 :
548 4773 643 4823 (Aulo
654 4772 695 4820 del
711 4773 836 4822 Martirio
847 4773 880 4821 de
891 4771 942 4820 San
958 4771 1038 4833 Justo
1048 4791 1066 4836 y
1084 4774 1176 4823 Pastor
1187 4773 1281 4840 (1568).
