<?xml version="1.0" encoding="UTF-8"?>
<!DOCTYPE html PUBLIC "-//W3C//DTD XHTML 1.0 Transitional//EN"
    "http://www.w3.org/TR/xhtml1/DTD/xhtml1-transitional.dtd">
<html xmlns="http://www.w3.org/1999/xhtml" xml:lang="en" lang="en">
 <head>
  <title>
</title>
<meta http-equiv="Content-Type" content="text/html;charset=utf-8" />
  <meta name='ocr-system' content='tesseract 3.04.00' />
  <meta name='ocr-capabilities' content='ocr_page ocr_carea ocr_par ocr_line ocrx_word'/>
</head>
<body>
  <div class='ocr_page' id='page_1' title='image "./quatenus00unkngoog_0119.png"; bbox 0 0 3475 5609; ppageno 0'>
   <div class='ocr_carea' id='block_1_1' title="bbox 226 661 1662 4673">
    <p class='ocr_par' dir='ltr' id='par_1_1' title="bbox 334 661 1075 780">
     <span class='ocr_line' id='line_1_1' title="bbox 334 661 1075 780; baseline 0.004 -21"><span class='ocrx_word' id='word_1_1' title='bbox 334 661 395 684; x_wconf 48' lang='lat' dir='ltr'>m</span> <span class='ocrx_word' id='word_1_2' title='bbox 858 733 894 746; x_wconf 91' lang='lat'>-</span> <span class='ocrx_word' id='word_1_3' title='bbox 921 690 978 762; x_wconf 86' lang='lat'>118</span> <span class='ocrx_word' id='word_1_4' title='bbox 994 697 1075 780; x_wconf 57' lang='grc' dir='ltr'>-ἶ</span> 
     </span>
    </p>

    <p class='ocr_par' dir='ltr' id='par_1_2' title="bbox 253 858 1662 1978">
     <span class='ocr_line' id='line_1_2' title="bbox 331 858 1571 938; baseline 0.003 -5"><span class='ocrx_word' id='word_1_5' title='bbox 331 881 414 935; x_wconf 90' lang='lat' dir='ltr'>cum</span> <span class='ocrx_word' id='word_1_6' title='bbox 427 861 519 933; x_wconf 90' lang='lat' dir='ltr'>tristi</span> <span class='ocrx_word' id='word_1_7' title='bbox 540 861 719 934; x_wconf 92' lang='lat' dir='ltr'>comitatu</span> <span class='ocrx_word' id='word_1_8' title='bbox 738 870 774 932; x_wconf 88' lang='lat' dir='ltr'>et</span> <span class='ocrx_word' id='word_1_9' title='bbox 794 858 970 933; x_wconf 90' lang='lat' dir='ltr'>scelerum</span> <span class='ocrx_word' id='word_1_10' title='bbox 992 872 1027 933; x_wconf 96' lang='lat' dir='ltr'>et</span> <span class='ocrx_word' id='word_1_11' title='bbox 1047 859 1222 935; x_wconf 92' lang='lat' dir='ltr'>luctuum.</span> <span class='ocrx_word' id='word_1_12' title='bbox 1244 860 1316 934; x_wconf 87' lang='lat' dir='ltr'>Lex</span> <span class='ocrx_word' id='word_1_13' title='bbox 1330 862 1427 935; x_wconf 89' lang='lat' dir='ltr'>enim</span> <span class='ocrx_word' id='word_1_14' title='bbox 1442 862 1571 938; x_wconf 80' lang='lat' dir='ltr'>hono-¹</span> 
     </span>
     <span class='ocr_line' id='line_1_3' title="bbox 330 973 1559 1074; baseline 0.002 -25"><span class='ocrx_word' id='word_1_15' title='bbox 330 979 379 1049; x_wconf 89' lang='lat' dir='ltr'>ris</span> <span class='ocrx_word' id='word_1_16' title='bbox 398 973 524 1050; x_wconf 89' lang='lat' dir='ltr'>tuendi</span> <span class='ocrx_word' id='word_1_17' title='bbox 562 975 774 1050; x_wconf 91' lang='lat' dir='ltr'>hominibus</span> <span class='ocrx_word' id='word_1_18' title='bbox 812 974 1011 1074; x_wconf 86' lang='lat' dir='ltr'>imponitur</span> <span class='ocrx_word' id='word_1_19' title='bbox 1043 976 1134 1051; x_wconf 93' lang='lat' dir='ltr'>dura</span> <span class='ocrx_word' id='word_1_20' title='bbox 1165 990 1201 1050; x_wconf 93' lang='lat' dir='ltr'>et</span> <span class='ocrx_word' id='word_1_21' title='bbox 1236 978 1485 1067; x_wconf 84' lang='lat' dir='ltr'>inexorabilis,</span> <span class='ocrx_word' id='word_1_22' title='bbox 1522 991 1559 1051; x_wconf 90' lang='lat' dir='ltr'>et</span> 
     </span>
     <span class='ocr_line' id='line_1_4' title="bbox 331 1091 1552 1192; baseline 0 -26"><span class='ocrx_word' id='word_1_23' title='bbox 331 1117 414 1191; x_wconf 87' lang='lat' dir='ltr'>quae</span> <span class='ocrx_word' id='word_1_24' title='bbox 431 1091 513 1166; x_wconf 91' lang='lat' dir='ltr'>illos</span> <span class='ocrx_word' id='word_1_25' title='bbox 533 1113 723 1164; x_wconf 85' lang='lat' dir='ltr'>conserere</span> <span class='ocrx_word' id='word_1_26' title='bbox 744 1109 875 1166; x_wconf 86' lang='lat' dir='ltr'>manus</span> <span class='ocrx_word' id='word_1_27' title='bbox 890 1105 927 1165; x_wconf 89' lang='lat' dir='ltr'>et</span> <span class='ocrx_word' id='word_1_28' title='bbox 943 1091 987 1166; x_wconf 93' lang='lat' dir='ltr'>de</span> <span class='ocrx_word' id='word_1_29' title='bbox 1005 1097 1080 1166; x_wconf 90' lang='lat' dir='ltr'>vita</span> <span class='ocrx_word' id='word_1_30' title='bbox 1095 1092 1270 1190; x_wconf 81' lang='lat' dir='ltr'>dimicare</span> <span class='ocrx_word' id='word_1_31' title='bbox 1286 1097 1417 1191; x_wconf 89' lang='lat' dir='ltr'>saepius</span> <span class='ocrx_word' id='word_1_32' title='bbox 1432 1106 1552 1192; x_wconf 89' lang='lat' dir='ltr'>cogat,</span> 
     </span>
     <span class='ocr_line' id='line_1_5' title="bbox 331 1205 1554 1307; baseline -0.001 -25"><span class='ocrx_word' id='word_1_33' title='bbox 331 1221 367 1282; x_wconf 89' lang='lat' dir='ltr'>et</span> <span class='ocrx_word' id='word_1_34' title='bbox 396 1207 575 1298; x_wconf 68' lang='lat' dir='ltr'>mulieres</span> <span class='ocrx_word' id='word_1_35' title='bbox 601 1205 801 1282; x_wconf 93' lang='lat' dir='ltr'>dummodo</span> <span class='ocrx_word' id='word_1_36' title='bbox 828 1212 864 1280; x_wconf 93' lang='lat' dir='ltr'>in</span> <span class='ocrx_word' id='word_1_37' title='bbox 886 1207 1132 1306; x_wconf 83' lang='lat' dir='ltr'>suspicionem</span> <span class='ocrx_word' id='word_1_38' title='bbox 1152 1205 1314 1307; x_wconf 85' lang='lat' dir='ltr'>aliquam</span> <span class='ocrx_word' id='word_1_39' title='bbox 1347 1210 1554 1296; x_wconf 82' lang='lat' dir='ltr'>inciderint,</span> 
     </span>
     <span class='ocr_line' id='line_1_6' title="bbox 253 1322 1554 1424; baseline 0.001 -28"><span class='ocrx_word' id='word_1_40' title='bbox 253 1332 265 1398; x_wconf 87' lang='lat'>&#39;.</span> <span class='ocrx_word' id='word_1_41' title='bbox 334 1325 373 1398; x_wconf 94' lang='lat' dir='ltr'>in</span> <span class='ocrx_word' id='word_1_42' title='bbox 392 1322 603 1398; x_wconf 84' lang='lat' dir='ltr'>dicrimine</span> <span class='ocrx_word' id='word_1_43' title='bbox 623 1327 710 1398; x_wconf 86' lang='lat' dir='ltr'>vitae</span> <span class='ocrx_word' id='word_1_44' title='bbox 730 1323 903 1414; x_wconf 87' lang='lat' dir='ltr'>adducat,</span> <span class='ocrx_word' id='word_1_45' title='bbox 932 1350 995 1398; x_wconf 92' lang='lat' dir='ltr'>seu</span> <span class='ocrx_word' id='word_1_46' title='bbox 1029 1324 1077 1397; x_wconf 92' lang='lat' dir='ltr'>ab</span> <span class='ocrx_word' id='word_1_47' title='bbox 1105 1324 1150 1398; x_wconf 91' lang='lat' dir='ltr'>iis</span> <span class='ocrx_word' id='word_1_48' title='bbox 1169 1324 1312 1422; x_wconf 85' lang='lat' dir='ltr'>conjux,</span> <span class='ocrx_word' id='word_1_49' title='bbox 1340 1351 1404 1400; x_wconf 91' lang='lat' dir='ltr'>seu</span> <span class='ocrx_word' id='word_1_50' title='bbox 1440 1337 1554 1424; x_wconf 88' lang='lat' dir='ltr'>pater,</span> 
     </span>
     <span class='ocr_line' id='line_1_7' title="bbox 331 1439 1556 1540; baseline -0.003 -25"><span class='ocrx_word' id='word_1_51' title='bbox 331 1464 396 1515; x_wconf 87' lang='lat' dir='ltr'>seu</span> <span class='ocrx_word' id='word_1_52' title='bbox 408 1439 513 1514; x_wconf 84' lang='lat' dir='ltr'>irater</span> <span class='ocrx_word' id='word_1_53' title='bbox 532 1465 661 1538; x_wconf 87' lang='lat' dir='ltr'>poenas</span> <span class='ocrx_word' id='word_1_54' title='bbox 680 1453 830 1538; x_wconf 80' lang='lat' dir='ltr'>repetat.</span> <span class='ocrx_word' id='word_1_55' title='bbox 854 1440 918 1514; x_wconf 89' lang='lat' dir='ltr'>Sic</span> <span class='ocrx_word' id='word_1_56' title='bbox 934 1465 1036 1513; x_wconf 89' lang='lat' dir='ltr'>amor</span> <span class='ocrx_word' id='word_1_57' title='bbox 1049 1453 1085 1515; x_wconf 92' lang='lat' dir='ltr'>et</span> <span class='ocrx_word' id='word_1_58' title='bbox 1100 1441 1218 1514; x_wconf 90' lang='lat' dir='ltr'>honos</span> <span class='ocrx_word' id='word_1_59' title='bbox 1235 1440 1328 1514; x_wconf 91' lang='lat' dir='ltr'>inter</span> <span class='ocrx_word' id='word_1_60' title='bbox 1345 1467 1384 1515; x_wconf 91' lang='lat' dir='ltr'>se</span> <span class='ocrx_word' id='word_1_61' title='bbox 1399 1443 1556 1540; x_wconf 89' lang='lat' dir='ltr'>oppositi</span> 
     </span>
     <span class='ocr_line' id='line_1_8' title="bbox 331 1554 1662 1656; baseline -0.002 -24"><span class='ocrx_word' id='word_1_62' title='bbox 331 1570 367 1632; x_wconf 86' lang='lat' dir='ltr'>et</span> <span class='ocrx_word' id='word_1_63' title='bbox 386 1554 691 1630; x_wconf 61' lang='lat' dir='ltr'>discordes‘nobis</span> <span class='ocrx_word' id='word_1_64' title='bbox 710 1556 957 1654; x_wconf 85' lang='lat' dir='ltr'>spectaculum</span> <span class='ocrx_word' id='word_1_65' title='bbox 985 1570 1191 1656; x_wconf 90' lang='lat' dir='ltr'>proponunt</span> <span class='ocrx_word' id='word_1_66' title='bbox 1207 1556 1306 1656; x_wconf 92' lang='lat' dir='ltr'>quod</span> <span class='ocrx_word' id='word_1_67' title='bbox 1327 1558 1560 1631; x_wconf 86' lang='lat' dir='ltr'>miseratione</span> <span class='ocrx_word' id='word_1_68' title='bbox 1657 1557 1662 1566; x_wconf 83' lang='lat'>&#39;</span> 
     </span>
     <span class='ocr_line' id='line_1_9' title="bbox 331 1659 1554 1772; baseline -0.002 -26"><span class='ocrx_word' id='word_1_69' title='bbox 331 1688 450 1747; x_wconf 90' lang='lat' dir='ltr'>movet</span> <span class='ocrx_word' id='word_1_70' title='bbox 470 1685 505 1746; x_wconf 93' lang='lat' dir='ltr'>et</span> <span class='ocrx_word' id='word_1_71' title='bbox 524 1672 674 1762; x_wconf 88' lang='lat' dir='ltr'>detinet,</span> <span class='ocrx_word' id='word_1_72' title='bbox 712 1671 887 1771; x_wconf 84' lang='lat' dir='ltr'>cujusque</span> <span class='ocrx_word' id='word_1_73' title='bbox 911 1676 1065 1771; x_wconf 93' lang='lat' dir='ltr'>primum</span> <span class='ocrx_word' id='word_1_74' title='bbox 1094 1673 1300 1771; x_wconf 87' lang='lat' dir='ltr'>exemplum</span> <span class='ocrx_word' id='word_1_75' title='bbox 1331 1686 1367 1747; x_wconf 91' lang='lat' dir='ltr'>et</span> <span class='ocrx_word' id='word_1_76' title='bbox 1385 1659 1554 1772; x_wconf 83' lang='lat' dir='ltr'>primam,</span> 
     </span>
     <span class='ocr_line' id='line_1_10' title="bbox 329 1787 1557 1891; baseline -0.002 -27"><span class='ocrx_word' id='word_1_77' title='bbox 329 1801 369 1864; x_wconf 93' lang='lat' dir='ltr'>ut</span> <span class='ocrx_word' id='word_1_78' title='bbox 389 1793 442 1863; x_wconf 88' lang='lat' dir='ltr'>ita</span> <span class='ocrx_word' id='word_1_79' title='bbox 459 1787 593 1880; x_wconf 89' lang='lat' dir='ltr'>dicam,</span> <span class='ocrx_word' id='word_1_80' title='bbox 613 1789 768 1887; x_wconf 85' lang='lat' dir='ltr'>figuram</span> <span class='ocrx_word' id='word_1_81' title='bbox 787 1789 1087 1887; x_wconf 84' lang='lat' dir='ltr'>Tragicomoedia</span> <span class='ocrx_word' id='word_1_82' title='bbox 1108 1791 1153 1864; x_wconf 82' lang='lat' dir='ltr'>de</span> <span class='ocrx_word' id='word_1_83' title='bbox 1182 1789 1330 1865; x_wconf 76' lang='lat' dir='ltr'>Calz&#39;slo</span> <span class='ocrx_word' id='word_1_84' title='bbox 1349 1818 1380 1891; x_wconf 89' lang='lat' dir='ltr'><em>y</em></span> <span class='ocrx_word' id='word_1_85' title='bbox 1399 1789 1557 1864; x_wconf 83' lang='lat' dir='ltr'>Melz&#39;bea</span> 
     </span>
     <span class='ocr_line' id='line_1_11' title="bbox 329 1901 491 1978; baseline 0 -2"><span class='ocrx_word' id='word_1_86' title='bbox 329 1901 491 1978; x_wconf 83' lang='lat' dir='ltr'>dederat.</span> 
     </span>
    </p>

    <p class='ocr_par' dir='ltr' id='par_1_3' title="bbox 226 2007 1606 3632">
     <span class='ocr_line' id='line_1_12' title="bbox 380 2007 1557 2122; baseline 0 -29"><span class='ocrx_word' id='word_1_87' title='bbox 380 2019 454 2112; x_wconf 82' lang='lat' dir='ltr'>Qui</span> <span class='ocrx_word' id='word_1_88' title='bbox 475 2019 564 2118; x_wconf 94' lang='lat' dir='ltr'>quid</span> <span class='ocrx_word' id='word_1_89' title='bbox 595 2019 734 2094; x_wconf 91' lang='lat' dir='ltr'>efficere</span> <span class='ocrx_word' id='word_1_90' title='bbox 755 2007 904 2120; x_wconf 84' lang='lat' dir='ltr'>possent</span> <span class='ocrx_word' id='word_1_91' title='bbox 931 2024 1073 2096; x_wconf 92' lang='lat' dir='ltr'>utinam</span> <span class='ocrx_word' id='word_1_92' title='bbox 1088 2021 1192 2122; x_wconf 27' lang='lat' dir='ltr'>„Lope</span> <span class='ocrx_word' id='word_1_93' title='bbox 1218 2024 1262 2094; x_wconf 86' lang='lat' dir='ltr'>de</span> <span class='ocrx_word' id='word_1_94' title='bbox 1294 2024 1389 2122; x_wconf 76' lang='lat' dir='ltr'>Vaga</span> <span class='ocrx_word' id='word_1_95' title='bbox 1412 2021 1557 2117; x_wconf 84' lang='lat' dir='ltr'>plenius</span> 
     </span>
     <span class='ocr_line' id='line_1_13' title="bbox 329 2131 1606 2236; baseline -0.001 -28"><span class='ocrx_word' id='word_1_96' title='bbox 329 2149 498 2234; x_wconf 87' lang='lat' dir='ltr'>expertus</span> <span class='ocrx_word' id='word_1_97' title='bbox 525 2139 641 2211; x_wconf 83' lang='lat' dir='ltr'>esset!</span> <span class='ocrx_word' id='word_1_98' title='bbox 679 2138 794 2235; x_wconf 85' lang='lat' dir='ltr'>Digni</span> <span class='ocrx_word' id='word_1_99' title='bbox 815 2142 915 2210; x_wconf 89' lang='lat' dir='ltr'>enim</span> <span class='ocrx_word' id='word_1_100' title='bbox 943 2151 1047 2211; x_wconf 89' lang='lat' dir='ltr'>erant</span> <span class='ocrx_word' id='word_1_101' title='bbox 1067 2141 1130 2236; x_wconf 92' lang='lat' dir='ltr'>qui</span> <span class='ocrx_word' id='word_1_102' title='bbox 1159 2136 1227 2211; x_wconf 93' lang='lat' dir='ltr'>soli</span> <span class='ocrx_word' id='word_1_103' title='bbox 1248 2137 1293 2210; x_wconf 93' lang='lat' dir='ltr'>ad</span> <span class='ocrx_word' id='word_1_104' title='bbox 1315 2141 1556 2210; x_wconf 88' lang='lat' dir='ltr'>recentiorum</span> <span class='ocrx_word' id='word_1_105' title='bbox 1601 2131 1606 2140; x_wconf 80' lang='grc'><strong>’</strong></span> 
     </span>
     <span class='ocr_line' id='line_1_14' title="bbox 330 2249 1555 2346; baseline -0.001 -22"><span class='ocrx_word' id='word_1_106' title='bbox 330 2249 511 2326; x_wconf 84' lang='lat' dir='ltr'>theatrum</span> <span class='ocrx_word' id='word_1_107' title='bbox 528 2250 830 2326; x_wconf 89' lang='lat' dir='ltr'>invalescendum</span> <span class='ocrx_word' id='word_1_108' title='bbox 842 2277 971 2326; x_wconf 92' lang='lat' dir='ltr'>omnes</span> <span class='ocrx_word' id='word_1_109' title='bbox 983 2277 1112 2327; x_wconf 88' lang='lat' dir='ltr'>nervos</span> <span class='ocrx_word' id='word_1_110' title='bbox 1127 2252 1370 2327; x_wconf 88' lang='lat' dir='ltr'>intenderent.</span> <span class='ocrx_word' id='word_1_111' title='bbox 1391 2253 1555 2346; x_wconf 84' lang='lat' dir='ltr'>Quorum</span> 
     </span>
     <span class='ocr_line' id='line_1_15' title="bbox 329 2367 1555 2468; baseline 0.001 -27"><span class='ocrx_word' id='word_1_112' title='bbox 329 2392 414 2442; x_wconf 90' lang='lat' dir='ltr'>vero</span> <span class='ocrx_word' id='word_1_113' title='bbox 433 2367 542 2443; x_wconf 93' lang='lat' dir='ltr'>robur</span> <span class='ocrx_word' id='word_1_114' title='bbox 562 2367 746 2467; x_wconf 78' lang='lat' dir='ltr'>fregerunt</span> <span class='ocrx_word' id='word_1_115' title='bbox 765 2381 828 2444; x_wconf 89' lang='lat' dir='ltr'>aut</span> <span class='ocrx_word' id='word_1_116' title='bbox 848 2386 1083 2468; x_wconf 91' lang='lat' dir='ltr'>corruperunt</span> <span class='ocrx_word' id='word_1_117' title='bbox 1098 2373 1358 2445; x_wconf 89' lang='lat' dir='ltr'>amentissimae</span> <span class='ocrx_word' id='word_1_118' title='bbox 1371 2368 1442 2442; x_wconf 82' lang='lat' dir='ltr'>illae</span> <span class='ocrx_word' id='word_1_119' title='bbox 1455 2368 1555 2442; x_wconf 89' lang='lat' dir='ltr'>labu-</span> 
     </span>
     <span class='ocr_line' id='line_1_16' title="bbox 331 2482 1555 2585; baseline 0 -29"><span class='ocrx_word' id='word_1_120' title='bbox 331 2482 374 2557; x_wconf 85' lang='lat' dir='ltr'>lae</span> <span class='ocrx_word' id='word_1_121' title='bbox 407 2510 488 2582; x_wconf 86' lang='lat' dir='ltr'>quae</span> <span class='ocrx_word' id='word_1_122' title='bbox 519 2511 593 2584; x_wconf 92' lang='lat' dir='ltr'>quo</span> <span class='ocrx_word' id='word_1_123' title='bbox 628 2489 748 2584; x_wconf 87' lang='lat' dir='ltr'>magis</span> <span class='ocrx_word' id='word_1_124' title='bbox 784 2511 806 2560; x_wconf 86' lang='lat' dir='ltr'>a</span> <span class='ocrx_word' id='word_1_125' title='bbox 835 2486 1063 2585; x_wconf 88' lang='lat' dir='ltr'>quotidianis</span> <span class='ocrx_word' id='word_1_126' title='bbox 1095 2499 1131 2560; x_wconf 94' lang='lat' dir='ltr'>et</span> <span class='ocrx_word' id='word_1_127' title='bbox 1161 2483 1420 2560; x_wconf 87' lang='lat' dir='ltr'>verisimilibus</span> <span class='ocrx_word' id='word_1_128' title='bbox 1447 2483 1555 2557; x_wconf 91' lang='lat' dir='ltr'>rebus</span> 
     </span>
     <span class='ocr_line' id='line_1_17' title="bbox 331 2599 1550 2702; baseline 0.001 -29"><span class='ocrx_word' id='word_1_129' title='bbox 331 2599 570 2675; x_wconf 83' lang='lat' dir='ltr'>abhorrentes</span> <span class='ocrx_word' id='word_1_130' title='bbox 587 2604 771 2702; x_wconf 89' lang='lat' dir='ltr'>imagines</span> <span class='ocrx_word' id='word_1_131' title='bbox 789 2616 1041 2699; x_wconf 88' lang='lat' dir='ltr'>expresserunt</span> <span class='ocrx_word' id='word_1_132' title='bbox 1071 2630 1115 2677; x_wconf 88' lang='lat' dir='ltr'>eo</span> <span class='ocrx_word' id='word_1_133' title='bbox 1134 2601 1254 2701; x_wconf 88' lang='lat' dir='ltr'>plures</span> <span class='ocrx_word' id='word_1_134' title='bbox 1268 2603 1416 2699; x_wconf 88' lang='lat' dir='ltr'>plausus</span> <span class='ocrx_word' id='word_1_135' title='bbox 1435 2613 1550 2674; x_wconf 89' lang='lat' dir='ltr'>sustu·</span> 
     </span>
     <span class='ocr_line' id='line_1_18' title="bbox 330 2714 1552 2817; baseline 0.001 -29"><span class='ocrx_word' id='word_1_136' title='bbox 330 2714 462 2792; x_wconf 91' lang='lat' dir='ltr'>lerunt.</span> <span class='ocrx_word' id='word_1_137' title='bbox 502 2717 633 2792; x_wconf 88' lang='lat' dir='ltr'>Fateor</span> <span class='ocrx_word' id='word_1_138' title='bbox 664 2716 812 2817; x_wconf 91' lang='lat' dir='ltr'>quidem</span> <span class='ocrx_word' id='word_1_139' title='bbox 841 2721 879 2791; x_wconf 95' lang='lat' dir='ltr'>in</span> <span class='ocrx_word' id='word_1_140' title='bbox 914 2717 987 2792; x_wconf 91' lang='lat' dir='ltr'>illis</span> <span class='ocrx_word' id='word_1_141' title='bbox 1015 2723 1104 2817; x_wconf 90' lang='lat' dir='ltr'>ipsis</span> <span class='ocrx_word' id='word_1_142' title='bbox 1135 2718 1338 2808; x_wconf 87' lang='lat' dir='ltr'>comoediis,</span> <span class='ocrx_word' id='word_1_143' title='bbox 1380 2717 1478 2797; x_wconf 89' lang='lat' dir='ltr'>velut</span> <span class='ocrx_word' id='word_1_144' title='bbox 1514 2719 1552 2789; x_wconf 92' lang='lat' dir='ltr'>in</span> 
     </span>
     <span class='ocr_line' id='line_1_19' title="bbox 329 2830 1553 2933; baseline -0.002 -25"><span class='ocrx_word' id='word_1_145' title='bbox 329 2830 492 2932; x_wconf 88' lang='lat' dir='ltr'>specu10,</span> <span class='ocrx_word' id='word_1_146' title='bbox 532 2833 719 2933; x_wconf 91' lang='lat' dir='ltr'>Hispanos</span> <span class='ocrx_word' id='word_1_147' title='bbox 747 2832 828 2923; x_wconf 90' lang='lat' dir='ltr'>sibi,</span> <span class='ocrx_word' id='word_1_148' title='bbox 862 2847 902 2908; x_wconf 91' lang='lat' dir='ltr'>ut</span> <span class='ocrx_word' id='word_1_149' title='bbox 931 2837 982 2908; x_wconf 93' lang='lat' dir='ltr'>ita</span> <span class='ocrx_word' id='word_1_150' title='bbox 1001 2833 1134 2924; x_wconf 90' lang='lat' dir='ltr'>dicam,</span> <span class='ocrx_word' id='word_1_151' title='bbox 1158 2837 1332 2925; x_wconf 89' lang='lat' dir='ltr'>arrisisse,</span> <span class='ocrx_word' id='word_1_152' title='bbox 1365 2837 1439 2906; x_wconf 89' lang='lat' dir='ltr'>risu</span> <span class='ocrx_word' id='word_1_153' title='bbox 1470 2858 1553 2905; x_wconf 88' lang='lat' dir='ltr'>vero</span> 
     </span>
     <span class='ocr_line' id='line_1_20' title="bbox 329 2948 1552 3048; baseline -0.002 -25"><span class='ocrx_word' id='word_1_154' title='bbox 329 2952 392 3047; x_wconf 93' lang='lat' dir='ltr'>qui</span> <span class='ocrx_word' id='word_1_155' title='bbox 420 2952 551 3024; x_wconf 89' lang='lat' dir='ltr'>ceteris</span> <span class='ocrx_word' id='word_1_156' title='bbox 569 2948 744 3048; x_wconf 87' lang='lat' dir='ltr'>gentibus</span> <span class='ocrx_word' id='word_1_157' title='bbox 773 2975 815 3024; x_wconf 91' lang='lat' dir='ltr'>os</span> <span class='ocrx_word' id='word_1_158' title='bbox 841 2975 965 3024; x_wconf 91' lang='lat' dir='ltr'>eorum</span> <span class='ocrx_word' id='word_1_159' title='bbox 985 2949 1199 3047; x_wconf 87' lang='lat' dir='ltr'>detorquere</span> <span class='ocrx_word' id='word_1_160' title='bbox 1226 2948 1324 3024; x_wconf 92' lang='lat' dir='ltr'>visus</span> <span class='ocrx_word' id='word_1_161' title='bbox 1350 2960 1417 3022; x_wconf 88' lang='lat' dir='ltr'>est.</span> <span class='ocrx_word' id='word_1_162' title='bbox 1452 2948 1552 3044; x_wconf 87' lang='lat' dir='ltr'>Quin</span> 
     </span>
     <span class='ocr_line' id='line_1_21' title="bbox 226 3063 1553 3165; baseline -0.002 -27"><span class='ocrx_word' id='word_1_163' title='bbox 226 3125 227 3129; x_wconf 14' lang='grc' dir='ltr'>η</span> <span class='ocrx_word' id='word_1_164' title='bbox 328 3064 455 3154; x_wconf 90' lang='lat' dir='ltr'>etiam,</span> <span class='ocrx_word' id='word_1_165' title='bbox 473 3069 537 3165; x_wconf 93' lang='lat' dir='ltr'>qui</span> <span class='ocrx_word' id='word_1_166' title='bbox 558 3092 580 3139; x_wconf 92' lang='lat' dir='ltr'>a</span> <span class='ocrx_word' id='word_1_167' title='bbox 601 3065 808 3140; x_wconf 89' lang='lat' dir='ltr'>Calderone</span> <span class='ocrx_word' id='word_1_168' title='bbox 827 3065 977 3165; x_wconf 82' lang='lat' dir='ltr'>proiecti</span> <span class='ocrx_word' id='word_1_169' title='bbox 997 3080 1081 3141; x_wconf 91' lang='lat' dir='ltr'>sunt</span> <span class='ocrx_word' id='word_1_170' title='bbox 1102 3071 1152 3140; x_wconf 91' lang='lat' dir='ltr'>ita</span> <span class='ocrx_word' id='word_1_171' title='bbox 1175 3065 1297 3165; x_wconf 88' lang='lat' dir='ltr'>populi</span> <span class='ocrx_word' id='word_1_172' title='bbox 1319 3064 1415 3138; x_wconf 89' lang='lat' dir='ltr'>vitiis</span> <span class='ocrx_word' id='word_1_173' title='bbox 1436 3063 1553 3138; x_wconf 92' lang='lat' dir='ltr'>indul·</span> 
     </span>
     <span class='ocr_line' id='line_1_22' title="bbox 329 3181 1553 3281; baseline -0.001 -25"><span class='ocrx_word' id='word_1_174' title='bbox 329 3197 454 3256; x_wconf 87' lang='lat' dir='ltr'>serunt</span> <span class='ocrx_word' id='word_1_175' title='bbox 487 3193 541 3272; x_wconf 86' lang='lat' dir='ltr'>ot,</span> <span class='ocrx_word' id='word_1_176' title='bbox 573 3185 674 3256; x_wconf 92' lang='lat' dir='ltr'>omni</span> <span class='ocrx_word' id='word_1_177' title='bbox 695 3195 805 3257; x_wconf 89' lang='lat' dir='ltr'>exuta</span> <span class='ocrx_word' id='word_1_178' title='bbox 841 3181 1080 3274; x_wconf 87' lang='lat' dir='ltr'>humanitate,</span> <span class='ocrx_word' id='word_1_179' title='bbox 1110 3199 1154 3256; x_wconf 84' lang='lat' dir='ltr'>e&#39;a</span> <span class='ocrx_word' id='word_1_180' title='bbox 1182 3183 1299 3257; x_wconf 91' lang='lat' dir='ltr'>solum</span> <span class='ocrx_word' id='word_1_181' title='bbox 1319 3208 1400 3281; x_wconf 86' lang='lat' dir='ltr'>quae</span> <span class='ocrx_word' id='word_1_182' title='bbox 1422 3183 1553 3280; x_wconf 84' lang='lat' dir='ltr'>Hispa·</span> 
     </span>
     <span class='ocr_line' id='line_1_23' title="bbox 330 3296 1553 3398; baseline 0 -28"><span class='ocrx_word' id='word_1_183' title='bbox 330 3301 430 3371; x_wconf 87' lang='lat' dir='ltr'>niam</span> <span class='ocrx_word' id='word_1_184' title='bbox 447 3296 653 3373; x_wconf 89' lang='lat' dir='ltr'>redolerent</span> <span class='ocrx_word' id='word_1_185' title='bbox 667 3297 842 3396; x_wconf 88' lang='lat' dir='ltr'>augendo</span> <span class='ocrx_word' id='word_1_186' title='bbox 856 3300 1055 3374; x_wconf 86' lang='lat' dir='ltr'>retulerint.</span> <span class='ocrx_word' id='word_1_187' title='bbox 1075 3301 1143 3375; x_wconf 88' lang='lat' dir='ltr'>Sic</span> <span class='ocrx_word' id='word_1_188' title='bbox 1156 3299 1402 3398; x_wconf 89' lang='lat' dir='ltr'>hispaniensis</span> <span class='ocrx_word' id='word_1_189' title='bbox 1417 3323 1553 3371; x_wconf 89' lang='lat' dir='ltr'>comoe-</span> 
     </span>
     <span class='ocr_line' id='line_1_24' title="bbox 328 3413 1553 3514; baseline -0.002 -26"><span class='ocrx_word' id='word_1_190' title='bbox 328 3414 391 3488; x_wconf 91' lang='lat' dir='ltr'>dia</span> <span class='ocrx_word' id='word_1_191' title='bbox 424 3413 591 3489; x_wconf 89' lang='lat' dir='ltr'>defloruit</span> <span class='ocrx_word' id='word_1_192' title='bbox 624 3417 713 3514; x_wconf 87' lang='lat' dir='ltr'>quia</span> <span class='ocrx_word' id='word_1_193' title='bbox 742 3414 847 3488; x_wconf 89' lang='lat' dir='ltr'>fictas</span> <span class='ocrx_word' id='word_1_194' title='bbox 868 3420 1065 3514; x_wconf 83' lang='lat' dir='ltr'>praesertim</span> <span class='ocrx_word' id='word_1_195' title='bbox 1090 3443 1146 3490; x_wconf 91' lang='lat' dir='ltr'>res</span> <span class='ocrx_word' id='word_1_196' title='bbox 1171 3427 1206 3489; x_wconf 90' lang='lat' dir='ltr'>et</span> <span class='ocrx_word' id='word_1_197' title='bbox 1235 3441 1258 3489; x_wconf 98' lang='lat' dir='ltr'>a</span> <span class='ocrx_word' id='word_1_198' title='bbox 1285 3415 1376 3489; x_wconf 92' lang='lat' dir='ltr'>veris</span> <span class='ocrx_word' id='word_1_199' title='bbox 1395 3427 1553 3488; x_wconf 85' lang='lat' dir='ltr'>remotas</span> 
     </span>
     <span class='ocr_line' id='line_1_25' title="bbox 328 3517 1360 3632; baseline 0.001 -29"><span class='ocrx_word' id='word_1_200' title='bbox 328 3517 494 3605; x_wconf 80' lang='lat' dir='ltr'>assecuta</span> <span class='ocrx_word' id='word_1_201' title='bbox 516 3529 713 3606; x_wconf 80' lang='lat' dir='ltr'>Celestinae</span> <span class='ocrx_word' id='word_1_202' title='bbox 731 3534 886 3630; x_wconf 86' lang='lat' dir='ltr'>vestigia</span> <span class='ocrx_word' id='word_1_203' title='bbox 901 3536 1021 3632; x_wconf 85' lang='lat' dir='ltr'>magis</span> <span class='ocrx_word' id='word_1_204' title='bbox 1040 3531 1077 3605; x_wconf 94' lang='lat' dir='ltr'>in</span> <span class='ocrx_word' id='word_1_205' title='bbox 1090 3533 1169 3607; x_wconf 90' lang='lat' dir='ltr'>dies</span> <span class='ocrx_word' id='word_1_206' title='bbox 1189 3531 1360 3608; x_wconf 88' lang='lat' dir='ltr'>deseruit.</span> 
     </span>
    </p>

    <p class='ocr_par' dir='ltr' id='par_1_4' title="bbox 227 3646 1552 4673">
     <span class='ocr_line' id='line_1_26' title="bbox 378 3646 1551 3746; baseline -0.003 -25"><span class='ocrx_word' id='word_1_207' title='bbox 378 3649 452 3742; x_wconf 82' lang='lat' dir='ltr'>Qui</span> <span class='ocrx_word' id='word_1_208' title='bbox 468 3660 589 3721; x_wconf 89' lang='lat' dir='ltr'>autem</span> <span class='ocrx_word' id='word_1_209' title='bbox 609 3658 645 3721; x_wconf 91' lang='lat' dir='ltr'>et</span> <span class='ocrx_word' id='word_1_210' title='bbox 665 3647 864 3746; x_wconf 89' lang='lat' dir='ltr'>quomodo</span> <span class='ocrx_word' id='word_1_211' title='bbox 883 3646 1123 3721; x_wconf 90' lang='lat' dir='ltr'>excellentem</span> <span class='ocrx_word' id='word_1_212' title='bbox 1151 3647 1382 3721; x_wconf 90' lang='lat' dir='ltr'>theatralium</span> <span class='ocrx_word' id='word_1_213' title='bbox 1402 3671 1551 3744; x_wconf 91' lang='lat' dir='ltr'>operum</span> 
     </span>
     <span class='ocr_line' id='line_1_27' title="bbox 327 3761 1552 3862; baseline -0.001 -25"><span class='ocrx_word' id='word_1_214' title='bbox 327 3765 485 3862; x_wconf 82' lang='lat' dir='ltr'>spccicm</span> <span class='ocrx_word' id='word_1_215' title='bbox 506 3766 611 3860; x_wconf 89' lang='lat' dir='ltr'>primi</span> <span class='ocrx_word' id='word_1_216' title='bbox 640 3761 863 3837; x_wconf 89' lang='lat' dir='ltr'>absolverint</span> <span class='ocrx_word' id='word_1_217' title='bbox 884 3763 957 3837; x_wconf 88' lang='lat' dir='ltr'>alio</span> <span class='ocrx_word' id='word_1_218' title='bbox 979 3762 1061 3837; x_wconf 92' lang='lat' dir='ltr'>loco</span> <span class='ocrx_word' id='word_1_219' title='bbox 1079 3763 1272 3838; x_wconf 89' lang='lat' dir='ltr'>enodatius</span> <span class='ocrx_word' id='word_1_220' title='bbox 1291 3762 1552 3861; x_wconf 83' lang='lat' dir='ltr'>explicavimus</span> 
     </span>
     <span class='ocr_line' id='line_1_28' title="bbox 328 3878 1549 3978; baseline -0.002 -27"><span class='ocrx_word' id='word_1_221' title='bbox 328 3881 396 3975; x_wconf 84' lang='grc' dir='ltr'><strong>(ι).</strong></span> <span class='ocrx_word' id='word_1_222' title='bbox 424 3879 513 3953; x_wconf 86' lang='lat' dir='ltr'>Haec</span> <span class='ocrx_word' id='word_1_223' title='bbox 541 3882 651 3978; x_wconf 87' lang='lat' dir='ltr'>igitur</span> <span class='ocrx_word' id='word_1_224' title='bbox 676 3883 803 3953; x_wconf 92' lang='lat' dir='ltr'>omnia</span> <span class='ocrx_word' id='word_1_225' title='bbox 831 3884 958 3978; x_wconf 90' lang='lat' dir='ltr'>paucis</span> <span class='ocrx_word' id='word_1_226' title='bbox 977 3880 1097 3954; x_wconf 91' lang='lat' dir='ltr'>verbis</span> <span class='ocrx_word' id='word_1_227' title='bbox 1116 3878 1243 3953; x_wconf 82' lang='lat' dir='ltr'>reterre</span> <span class='ocrx_word' id='word_1_228' title='bbox 1272 3892 1328 3953; x_wconf 90' lang='lat' dir='ltr'>sat</span> <span class='ocrx_word' id='word_1_229' title='bbox 1346 3883 1425 3952; x_wconf 90' lang='lat' dir='ltr'>erit.</span> <span class='ocrx_word' id='word_1_230' title='bbox 1449 3878 1549 3973; x_wconf 81' lang='lat' dir='ltr'>Quid</span> 
     </span>
     <span class='ocr_line' id='line_1_29' title="bbox 326 3993 1551 4070; baseline -0.001 -3"><span class='ocrx_word' id='word_1_231' title='bbox 326 3993 424 4067; x_wconf 89' lang='lat' dir='ltr'>enim</span> <span class='ocrx_word' id='word_1_232' title='bbox 444 3993 492 4068; x_wconf 92' lang='lat' dir='ltr'>ad</span> <span class='ocrx_word' id='word_1_233' title='bbox 514 3993 783 4069; x_wconf 78' lang='lat' dir='ltr'>informandum</span> <span class='ocrx_word' id='word_1_234' title='bbox 795 3998 1034 4069; x_wconf 90' lang='lat' dir='ltr'>recentiorum</span> <span class='ocrx_word' id='word_1_235' title='bbox 1046 3995 1226 4070; x_wconf 90' lang='lat' dir='ltr'>theatrum</span> <span class='ocrx_word' id='word_1_236' title='bbox 1242 3995 1321 4068; x_wconf 90' lang='lat' dir='ltr'>ltali</span> <span class='ocrx_word' id='word_1_237' title='bbox 1334 3997 1551 4069; x_wconf 72' lang='lat' dir='ltr'>valuerunt?</span> 
     </span>
     <span class='ocr_line' id='line_1_30' title="bbox 227 4108 1549 4209; baseline -0.003 -25"><span class='ocrx_word' id='word_1_238' title='bbox 227 4137 232 4150; x_wconf 94' lang='lat'>·</span> <span class='ocrx_word' id='word_1_239' title='bbox 326 4110 383 4184; x_wconf 89' lang='lat' dir='ltr'>Ne</span> <span class='ocrx_word' id='word_1_240' title='bbox 398 4136 522 4184; x_wconf 89' lang='lat' dir='ltr'>eorum</span> <span class='ocrx_word' id='word_1_241' title='bbox 541 4109 745 4208; x_wconf 82' lang='lat' dir='ltr'>tragoedias</span> <span class='ocrx_word' id='word_1_242' title='bbox 764 4135 960 4184; x_wconf 90' lang='lat' dir='ltr'>memorem</span> <span class='ocrx_word' id='word_1_243' title='bbox 976 4137 1062 4209; x_wconf 83' lang='lat' dir='ltr'>quae</span> <span class='ocrx_word' id='word_1_244' title='bbox 1083 4111 1265 4184; x_wconf 89' lang='lat' dir='ltr'>Senecam</span> <span class='ocrx_word' id='word_1_245' title='bbox 1280 4108 1459 4209; x_wconf 89' lang='lat' dir='ltr'>pleraeque</span> <span class='ocrx_word' id='word_1_246' title='bbox 1479 4125 1549 4184; x_wconf 91' lang='lat' dir='ltr'>tur-</span> 
     </span>
     <span class='ocr_line' id='line_1_31' title="bbox 325 4225 1551 4324; baseline 0 -25"><span class='ocrx_word' id='word_1_247' title='bbox 325 4225 423 4324; x_wconf 89' lang='lat' dir='ltr'>gidis</span> <span class='ocrx_word' id='word_1_248' title='bbox 443 4230 637 4302; x_wconf 90' lang='lat' dir='ltr'>sententiis</span> <span class='ocrx_word' id='word_1_249' title='bbox 657 4226 961 4324; x_wconf 75' lang='lat' dir='ltr'>corrumpunt,‘in</span> <span class='ocrx_word' id='word_1_250' title='bbox 981 4226 1175 4323; x_wconf 82' lang='lat' dir='ltr'>comoediis</span> <span class='ocrx_word' id='word_1_251' title='bbox 1199 4230 1311 4299; x_wconf 86' lang='lat' dir='ltr'>etiam</span> <span class='ocrx_word' id='word_1_252' title='bbox 1332 4252 1412 4324; x_wconf 87' lang='lat' dir='ltr'>quae</span> <span class='ocrx_word' id='word_1_253' title='bbox 1432 4231 1551 4324; x_wconf 86' lang='lat' dir='ltr'>magis</span> 
     </span>
     <span class='ocr_line' id='line_1_32' title="bbox 326 4341 1552 4433; baseline -0.003 -17"><span class='ocrx_word' id='word_1_254' title='bbox 326 4368 346 4416; x_wconf 88' lang='lat' dir='ltr'>e</span> <span class='ocrx_word' id='word_1_255' title='bbox 367 4341 557 4418; x_wconf 80' lang='lat' dir='ltr'>Celestina</span> <span class='ocrx_word' id='word_1_256' title='bbox 575 4341 852 4426; x_wconf 89' lang='lat' dir='ltr'>similitudinem</span> <span class='ocrx_word' id='word_1_257' title='bbox 869 4342 1006 4418; x_wconf 87' lang='lat' dir='ltr'>ducunt</span> <span class='ocrx_word' id='word_1_258' title='bbox 1023 4342 1073 4433; x_wconf 79' lang='lat'>(2)</span> <span class='ocrx_word' id='word_1_259' title='bbox 1095 4341 1185 4415; x_wconf 93' lang='lat' dir='ltr'>nihil</span> <span class='ocrx_word' id='word_1_260' title='bbox 1202 4345 1370 4415; x_wconf 87' lang='lat' dir='ltr'>invenias</span> <span class='ocrx_word' id='word_1_261' title='bbox 1382 4345 1452 4414; x_wconf 90' lang='lat' dir='ltr'>nisi</span> <span class='ocrx_word' id='word_1_262' title='bbox 1468 4341 1552 4415; x_wconf 89' lang='lat' dir='ltr'>aliis</span> 
     </span>
     <span class='ocr_line' id='line_1_33' title="bbox 326 4439 1550 4560; baseline -0.004 -28"><span class='ocrx_word' id='word_1_263' title='bbox 326 4458 419 4532; x_wconf 90' lang='lat' dir='ltr'>alias</span> <span class='ocrx_word' id='word_1_264' title='bbox 439 4458 645 4558; x_wconf 87' lang='lat' dir='ltr'>implicatas</span> <span class='ocrx_word' id='word_1_265' title='bbox 664 4439 807 4560; x_wconf 79' lang='lat' dir='ltr'>fabulas</span> <span class='ocrx_word' id='word_1_266' title='bbox 822 4471 857 4532; x_wconf 92' lang='lat' dir='ltr'>et</span> <span class='ocrx_word' id='word_1_267' title='bbox 879 4482 954 4546; x_wconf 79' lang='lat' dir='ltr'>ouo</span> <span class='ocrx_word' id='word_1_268' title='bbox 974 4457 1221 4557; x_wconf 88' lang='lat' dir='ltr'>voluptatibus</span> <span class='ocrx_word' id='word_1_269' title='bbox 1241 4471 1277 4531; x_wconf 93' lang='lat' dir='ltr'>et</span> <span class='ocrx_word' id='word_1_270' title='bbox 1297 4456 1459 4530; x_wconf 88' lang='lat' dir='ltr'>mollitiis</span> <span class='ocrx_word' id='word_1_271' title='bbox 1478 4454 1550 4553; x_wconf 91' lang='lat' dir='ltr'>ple·</span> 
     </span>
     <span class='ocr_line' id='line_1_34' title="bbox 326 4571 1549 4673; baseline -0.006 -23"><span class='ocrx_word' id='word_1_272' title='bbox 326 4578 447 4650; x_wconf 90' lang='lat' dir='ltr'>niores</span> <span class='ocrx_word' id='word_1_273' title='bbox 476 4601 521 4649; x_wconf 92' lang='lat' dir='ltr'>eo</span> <span class='ocrx_word' id='word_1_274' title='bbox 554 4576 762 4649; x_wconf 91' lang='lat' dir='ltr'>licentiores</span> <span class='ocrx_word' id='word_1_275' title='bbox 789 4591 824 4650; x_wconf 89' lang='lat' dir='ltr'>et</span> <span class='ocrx_word' id='word_1_276' title='bbox 856 4579 1051 4671; x_wconf 91' lang='lat' dir='ltr'>praviores.</span> <span class='ocrx_word' id='word_1_277' title='bbox 1095 4572 1251 4673; x_wconf 88' lang='lat' dir='ltr'>Hispani</span> <span class='ocrx_word' id='word_1_278' title='bbox 1288 4586 1408 4647; x_wconf 88' lang='lat' dir='ltr'>autem</span> <span class='ocrx_word' id='word_1_279' title='bbox 1439 4571 1549 4669; x_wconf 88' lang='lat' dir='ltr'>longe</span> 
     </span>
    </p>
   </div>
   <div class='ocr_carea' id='block_1_2' title="bbox 323 4797 1550 4941">
    <p class='ocr_par' dir='ltr' id='par_1_5' title="bbox 323 4797 1550 4941">
     <span class='ocr_line' id='line_1_35' title="bbox 355 4797 1550 4874; baseline -0.004 -24"><span class='ocrx_word' id='word_1_280' title='bbox 355 4801 391 4864; x_wconf 80' lang='lat' dir='ltr'>(ri</span> <span class='ocrx_word' id='word_1_281' title='bbox 408 4797 467 4863; x_wconf 80' lang='lat' dir='ltr'>Qua</span> <span class='ocrx_word' id='word_1_282' title='bbox 483 4798 511 4849; x_wconf 91' lang='lat' dir='ltr'>ln</span> <span class='ocrx_word' id='word_1_283' title='bbox 526 4798 633 4874; x_wconf 77' lang='lat' dir='ltr'>materia</span> <span class='ocrx_word' id='word_1_284' title='bbox 646 4805 761 4850; x_wconf 84' lang='lat' dir='ltr'>versatur</span> <span class='ocrx_word' id='word_1_285' title='bbox 774 4797 852 4848; x_wconf 77' lang='lat' dir='ltr'>thesis</span> <span class='ocrx_word' id='word_1_286' title='bbox 867 4806 974 4850; x_wconf 85' lang='lat' dir='ltr'>nostra:</span> <span class='ocrx_word' id='word_1_287' title='bbox 995 4812 1011 4847; x_wconf 72' lang='lat' dir='ltr'>c</span> <span class='ocrx_word' id='word_1_288' title='bbox 1026 4799 1059 4846; x_wconf 84' lang='lat' dir='ltr'>La</span> <span class='ocrx_word' id='word_1_289' title='bbox 1077 4798 1187 4846; x_wconf 81' lang='lat' dir='ltr'>comedia</span> <span class='ocrx_word' id='word_1_290' title='bbox 1203 4797 1339 4860; x_wconf 76' lang='lat' dir='ltr'>espagnole</span> <span class='ocrx_word' id='word_1_291' title='bbox 1353 4813 1385 4845; x_wconf 85' lang='lat' dir='ltr'>en</span> <span class='ocrx_word' id='word_1_292' title='bbox 1406 4797 1506 4846; x_wconf 81' lang='lat' dir='ltr'>France</span> <span class='ocrx_word' id='word_1_293' title='bbox 1518 4798 1550 4845; x_wconf 74' lang='lat' dir='ltr'>do</span> 
     </span>
     <span class='ocr_line' id='line_1_36' title="bbox 323 4879 1069 4941; baseline -0.005 -11"><span class='ocrx_word' id='word_1_294' title='bbox 323 4879 414 4941; x_wconf 78' lang='lat' dir='ltr'>Hardy</span> <span class='ocrx_word' id='word_1_295' title='bbox 427 4881 444 4926; x_wconf 73' lang='grc' dir='ltr'><em>ὰ</em></span> <span class='ocrx_word' id='word_1_296' title='bbox 455 4879 553 4927; x_wconf 69' lang='lat' dir='ltr'>Rarius</span> <span class='ocrx_word' id='word_1_297' title='bbox 564 4895 586 4929; x_wconf 67' lang='lat' dir='ltr'>a.</span> <span class='ocrx_word' id='word_1_298' title='bbox 1067 4879 1069 4881; x_wconf 68' lang='grc'><strong><em>’</em></strong></span> 
     </span>
    </p>
   </div>
   <div class='ocr_carea' id='block_1_3' title="bbox 355 4959 1515 5026">
    <p class='ocr_par' dir='ltr' id='par_1_6' title="bbox 355 4959 1515 5026">
     <span class='ocr_line' id='line_1_37' title="bbox 355 4959 1515 5026; baseline 0.003 -17"><span class='ocrx_word' id='word_1_299' title='bbox 355 4959 394 5026; x_wconf 79' lang='lat'>(2)</span> <span class='ocrx_word' id='word_1_300' title='bbox 411 4959 452 5011; x_wconf 88' lang='lat' dir='ltr'>Cl.</span> <span class='ocrx_word' id='word_1_301' title='bbox 468 4961 576 5025; x_wconf 67' lang='lat' dir='ltr'>Ippolr&#39;to</span> <span class='ocrx_word' id='word_1_302' title='bbox 587 4960 724 5014; x_wconf 81' lang='lat' dir='ltr'>Salviani:</span> <span class='ocrx_word' id='word_1_303' title='bbox 740 4962 796 5012; x_wconf 67' lang='lat' dir='ltr'>&lt;Lo</span> <span class='ocrx_word' id='word_1_304' title='bbox 809 4963 928 5026; x_wconf 82' lang='lat' dir='ltr'>Ruffiana</span> <span class='ocrx_word' id='word_1_305' title='bbox 942 4976 956 5012; x_wconf 72' lang='lat' dir='ltr'>r</span> <span class='ocrx_word' id='word_1_306' title='bbox 969 4969 994 5010; x_wconf 85' lang='lat' dir='ltr'>et</span> <span class='ocrx_word' id='word_1_307' title='bbox 1008 4961 1097 5010; x_wconf 78' lang='lat' dir='ltr'>Pietro</span> <span class='ocrx_word' id='word_1_308' title='bbox 1110 4960 1202 5009; x_wconf 77' lang='lat' dir='ltr'>Aretin</span> <span class='ocrx_word' id='word_1_309' title='bbox 1215 4975 1222 5012; x_wconf 90' lang='lat'>:</span> <span class='ocrx_word' id='word_1_310' title='bbox 1243 4975 1256 5009; x_wconf 73' lang='lat' dir='ltr'>r</span> <span class='ocrx_word' id='word_1_311' title='bbox 1269 4960 1305 5009; x_wconf 81' lang='lat' dir='ltr'>La</span> <span class='ocrx_word' id='word_1_312' title='bbox 1318 4959 1475 5023; x_wconf 68' lang='lat' dir='ltr'>Cortigr&#39;ana</span> <span class='ocrx_word' id='word_1_313' title='bbox 1489 4976 1515 5012; x_wconf 86' lang='lat'>›.</span> 
     </span>
    </p>
   </div>
   <div class='ocr_carea' id='block_1_4' title="bbox 0 0 1742 5609">
    <p class='ocr_par' dir='ltr' id='par_1_7' title="bbox 0 0 1742 5609">
     <span class='ocr_line' id='line_1_38' title="bbox 0 0 1742 5609; baseline 0 2"><span class='ocrx_word' id='word_1_314' title='bbox 0 0 1742 5609; x_wconf 95' lang='lat' dir='ltr'> </span> 
     </span>
    </p>
   </div>
  </div>
 </body>
</html>
