3475 5609
892 545 1073 612 -106..

357 734 456 782 meno
472 713 590 806 magis
610 707 738 782 vividis
764 713 1014 806 exprimuntur
1033 710 1257 808 imaginibus
1272 735 1383 810 quam
1404 711 1584 786 beluones

357 837 418 897 aut
434 823 526 897 [ures
547 848 699 920 quorum
711 823 784 896 doli
798 837 850 896 tot
864 825 1058 898 cachinnis
1077 826 1319 923 alegentibus
1338 831 1582 923 excipiuntur.

358 941 512 1032 Quoties
528 941 582 1012 vel
606 943 758 1012 ministri
780 939 835 1013 vel
857 945 976 1012 mariti
997 940 1125 1014 habitu
1140 941 1271 1015 stultus
1287 941 1348 1015 ille
1369 973 1387 1011 «
1407 941 1545 1041 simple
1562 972 1582 1013 r>

356 1070 586 1153 nuncupatus
620 1055 823 1143 inducetur,
864 1059 934 1128 nisi
963 1060 1063 1153 gravi
1098 1071 1134 1129 et
1162 1056 1429 1130 melancholico
1458 1057 1585 1131 morbo

355 1168 584 1260 laboraveris,
609 1176 862 1244 risum'tenere
888 1170 1017 1244 trustra
1045 1171 1250 1245 conaberis.
1285 1172 1386 1268 Quid
1403 1172 1586 1246 tandem?

355 1288 538 1359 «Pasas»
568 1287 647 1375 bos,
679 1286 811 1384 quibus
844 1300 954 1360 antea
984 1287 1074 1361 nihil
1103 1287 1259 1362 similius
1278 1301 1333 1362 est
1355 1315 1465 1389 quam
1488 1291 1586 1362 Anto

354 1402 415 1475 ille
433 1405 496 1475 del
519 1405 716 1501 Repelona
745 1403 915 1501 Jobanne
941 1405 1006 1476 del
1032 1403 1181 1477 Encz'na
1213 1405 1445 1501 compositus
1479 1405 1582 1479 multi

351 1660 448 1722 vero,
472 1661 516 1707 ne
548 1633 642 1706 Luz's
662 1633 809 1731 quidem
838 1636 883 1706 de
915 1636 1134 1726 Benacente,
1171 1634 1311 1734 aliquid
1343 1636 1486 1734 scripsit
1518 1644 1576 1711 cui

352 1775 426 1822 non
456 1749 571 1846 digna
607 1754 681 1822 sint
715 1777 800 1849 quae
834 1748 1068 1823 conferantur
1104 1763 1141 1823 et
1176 1750 1356 1852 Dialogus
1392 1752 1527 1824 «sobre
1547 1752 1585 1824 la

352 1864 540 1939 z'nvencz'on
571 1868 614 1938 de
644 1867 700 1940 las
730 1869 856 1940 calzas
886 1892 952 1964 que
971 1893 1010 1941 se
1041 1893 1136 1939 ason
1154 1894 1269 1967 agora
1286 1899 1304 1938 »
1329 1881 1365 1941 et
1385 1871 1584 1966 prasertim

352 2010 370 2048 <v
392 1981 465 2055 Las
482 1981 685 2056 Acez'tunas
701 2013 735 2054 ».

400 2095 657 2174 Facetissimos
690 2098 772 2172 illos
804 2099 899 2173 sales
930 2102 969 2172 in
1003 2098 1146 2172 duobus
1179 2098 1376 2196 colloquiis
1423 2100 1460 2191 rs«
1485 2099 1584 2179 Colo·

348 2211 454 2311 quius
468 2215 501 2310 s)
524 2213 654 2287 frustra
673 2240 820 2313 quaeras
844 2231 940 2314 qua,
967 2219 1134 2313 quamvis
1154 2198 1332 2288 interdum
1353 2212 1582 2310 simplicibus

348 2341 384 2402 et
410 2332 581 2426 ingenuis
607 2329 834 2404 illustrentur
853 2330 1093 2428 imaginibus,
1115 2330 1281 2427 figuratis
1308 2342 1345 2403 et
1373 2331 1579 2403 amentissi-

348 2448 417 2517 mis
449 2443 581 2518 tabulis
607 2444 817 2544 plerumque
847 2445 1053 2544 indulgent.
1093 2445 1193 2538 Quid
1213 2450 1312 2517 enim
1342 2449 1379 2517 in
1408 2442 1582 2541 Coloquv'o

346 2561 389 2632 de
408 2559 559 2633 Camila
576 2561 741 2634 videmus
761 2566 830 2634 nisi
852 2561 1010 2658 puellam
1034 2589 1057 2635 a
1084 2574 1230 2634 tonsore
1252 2560 1428 2633 ambitam
1449 2563 1509 2656 qui
1532 2557 1580 2631 ab

348 2701 392 2750 ea
411 2687 593 2772 postremo
613 2688 714 2772 pater
747 2677 1007 2764 nominabitur,
1044 2691 1080 2750 et
1113 2690 1294 2774 pastorem
1319 2676 1488 2773 juvenem
1516 2677 1579 2771 qui

348 2794 509 2888 paternis
543 2791 713 2864 manibus
747 2791 1006 2865 interficeretur
1030 2793 1058 2866 si
1082 2793 1243 2865 Fortuna
1277 2792 1346 2864 dea
1374 2803 1580 2888 opportuno

274 2967 279 2982 .
347 2921 507 3004 tempore
529 2932 602 2978 non
640 2910 904 2981 interveniret?
938 2908 1048 2982 Plura
1076 2922 1172 2981 certe
1197 2906 1268 2978 dici
1301 2919 1474 3006 possent;
1515 2904 1580 2978 sed

349 3021 682 3096 hactenus'dictum
703 3049 792 3096 sane
808 3023 1003 3097 videbitur.

398 3139 500 3210 Ficta
521 3163 678 3236 quoque,
716 3165 783 3211 nec
811 3143 863 3210 ita
885 3138 1040 3213 absurda
1061 3149 1097 3210 et
1117 3136 1314 3210 verissimis
1332 3140 1443 3209 etiam
1464 3140 1579 3233 pictu·

346 3257 394 3327 ris
406 3257 529 3342 mixta,
550 3258 588 3326 in
604 3269 761 3353 quotuor
775 3254 968 3328 comoediis
980 3257 1204 3352 reperiuntur
1219 3252 1320 3350 cujus
1332 3235 1429 3348 apud
1445 3253 1579 3350 Hispa·

348 3397 414 3443 nos
434 3395 609 3468 magnum
624 3371 691 3444 fuit
713 3371 871 3469 pondus
892 3371 986 3444 Cum
1010 3374 1110 3443 enim
1127 3398 1145 3438 «
1159 3371 1310 3442 Medora
1324 3399 1342 3439 »
1368 3367 1460 3442 duos
1476 3368 1579 3442 indu·

347 3500 406 3560 cat
421 3485 553 3560 liberos
569 3512 722 3585 quorum
744 3487 834 3561 alter
850 3515 871 3560 a
890 3513 1000 3584 puero
1021 3500 1143 3584 raptus
1163 3485 1311 3559 domum
1333 3485 1423 3557 redit
1438 3484 1577 3557 mulieri

346 3601 473 3676 habitu
502 3603 651 3676 indutus
678 3615 712 3675 et
744 3608 856 3676 sorori
886 3603 962 3700 ipsi.
976 3607 1094 3699 magis
1122 3605 1246 3675 terrori
1276 3612 1331 3674 est
1357 3625 1468 3698 quam
1497 3625 1578 3673 esse

253 3703 255 3708 ¹
346 3717 466 3806 debet,
500 3718 588 3817 quid
610 3724 704 3792 inter
736 3717 812 3817 ejus
838 3718 1001 3792 fabulam
1021 3732 1056 3791 et
1076 3729 1131 3791 tot
1153 3717 1246 3790 alias
1262 3709 1410 3789 interest
1443 3714 1577 3813 quibus

345 3835 436 3932 Lupe
462 3837 505 3907 de
542 3836 639 3934 Vega
668 3835 818 3933 ejusque
848 3833 1018 3930 discipuli
1057 3845 1208 3906 utuntur
1240 3843 1277 3906 et
1314 3832 1577 3905 delectantur?

343 3947 477 4046 Magis,
498 3951 623 4038 lateor,
647 3954 834 4023 veritatem
858 3963 894 4024 et
912 3950 1020 4022 fidem
1043 3979 1061 4018 «
1075 3949 1272 4023 Armelz'na
1291 3979 1308 4017 »
1330 3948 1474 4021 excedit
1494 3974 1577 4047 quae

345 4069 505 4139 vicissim
526 4090 655 4162 pueros
671 4079 805 4163 raptos,
831 4079 989 4139 mutatas
1013 4081 1142 4152 vestes
1162 4069 1372 4162 piratasque
1391 4077 1426 4138 et
1447 4089 1577 4160 magos

344 4182 458 4258 oculis
485 4186 616 4255 nostris
636 4181 812 4279 proponit,
846 4209 913 4254 nec
933 4195 1056 4254 tamen
1096 4180 1187 4253 nibil
1207 4194 1326 4278 poetae
1359 4179 1577 4253 Monlalvan

344 4301 549 4372 imitatione
577 4296 801 4370 referendum
833 4296 1001 4394 praebuit.
1026 4297 1160 4372 Nonne
1183 4310 1218 4369 et
1238 4296 1331 4394 Lope
1349 4298 1393 4367 de
1422 4296 1519 4394 Vegc
1538 4311 1577 4368 et

342 4414 555 4488 Montalvan
575 4412 641 4486 tibi
671 4412 762 4486 duas
783 4412 865 4485 illas
891 4412 1094 4486 comoedias
1115 4413 1253 4509 legenti
1276 4422 1469 4484 occurrunt
1487 4435 1575 4507 qua·

342 4555 419 4603 rum
452 4532 556 4628 quasi
591 4533 744 4626 primam
770 4531 929 4625 speciem
965 4528 1068 4602 ltalis
1101 4528 1280 4601 Bandello
1316 4518 1573 4599 adumbratam

341 4637 551 4720 obtulerat?
582 4647 675 4740 Quae
690 4659 744 4717 est
778 4649 877 4716 enim
898 4647 936 4717 E
938 4644 1082 4742 ujemz'a
1101 4649 1170 4717 nisi
1188 4643 1411 4716 infinitarum
1431 4640 1573 4738 puella-

341 4787 418 4836 rum
452 4762 637 4860 exemplar
669 4787 766 4860 quae,
804 4760 851 4834 ab
886 4761 948 4834 illa
988 4764 1198 4852 «Daquesa
1231 4763 1275 4832 de
1303 4757 1485 4855 Amalfl'v
1517 4760 1573 4854 (ι)

370 4923 409 4987 (ι)
423 4921 456 4974 Cl
464 4923 529 4986 bopo
539 4923 571 4972 de
586 4923 653 4986 Vaga
665 4943 674 4971 .·
693 4923 752 4972 «Et
764 4923 925 4987 Mayordomo
936 4923 967 4972 de
980 4923 1007 4972 la
1018 4923 1132 4985 duquesa
1145 4923 1177 4971 de
1189 4923 1290 4971 Amalfi
1298 4938 1321 4971 v.
