3475 5609
833 514 995 565 ..12-

305 664 428 739 Gallia
447 667 560 755 enim,
584 688 695 762 quam
722 663 878 762 exempli
905 666 1025 761 gratia
1043 663 1312 761 usurpabimus,
1336 688 1450 736 novas
1472 686 1527 735 res

302 784 421 879 parari
446 793 481 853 et
505 778 582 853 fieri
609 779 774 853 videmus
799 792 834 852 et
862 779 958 852 hanc
982 792 1135 877 'gentem
1164 779 1342 877 paulatim
1366 805 1390 852 a
1411 782 1529 877 priore

303 895 430 969 habitu
449 896 628 969 recedere.
653 896 709 969 llli
729 900 828 968 enirn
848 895 952 993 longi
972 899 1042 969 aevi
1068 900 1188 993 spatio
1207 896 1308 995 quod
1329 924 1349 965 <r
1366 896 1526 969 medium

302 1038 420 1087 aevum
434 1042 452 1083 ›>
468 1038 722 1111 nuncupamus
736 1017 926 1087 renovatio
937 1012 1123 1112 quaedam,
1139 1038 1272 1089 novum
1288 1026 1324 1088 et
1339 1012 1525 1111 cogitandi

300 1139 335 1201 et
355 1128 500 1201 vivendi
517 1129 664 1202 modum
678 1154 801 1203 secum
817 1128 946 1218 ferens,
963 1131 1135 1227 imposuit
1149 1129 1279 1203 finem:
1297 1128 1393 1227 regis
1405 1141 1528 1203 aucto-

300 1246 389 1317 ritas
408 1244 563 1343 amplior
581 1245 666 1319 litet
677 1245 746 1320 sibi
763 1245 907 1319 nobiles
926 1245 1033 1342 justae
1049 1246 1275 1321 auctoritatis
1291 1248 1525 1342 impatientes

201 1380 204 1387 ·
276 1359 501 1451 ¹submittit;
538 1364 680 1435 medius
719 1365 855 1435 civium
894 1361 983 1435 ordo
1020 1366 1179 1436 exoritur
1207 1366 1269 1461 qui
1291 1387 1358 1433 nec
1384 1359 1525 1433 bellicis

301 1476 407 1549 rebus
428 1503 494 1549 nec
515 1477 606 1575 jocis
625 1476 757 1577 quibus
778 1477 921 1551 nobiles
937 1477 1126 1577 indulgere
1146 1478 1325 1567 solebant,
1350 1475 1415 1549 sed
1436 1500 1524 1549 mer·

301 1596 437 1666 caturis
456 1618 603 1691 operam
628 1608 664 1668 et
692 1607 834 1692 tempus
860 1594 969 1685 dant;
1001 1595 1088 1667 inde
1108 1594 1239 1668 divites
1266 1593 1352 1667 lacti
1381 1595 1524 1665 mitiore

299 1712 371 1781 vita
408 1708 571 1783 fruuntur
600 1736 668 1783 nec
699 1735 773 1782 non
795 1709 1001 1783 urbaniore.
1027 1712 1108 1810 Jam
1130 1736 1152 1784 a
1171 1709 1322 1795 rudibus
1344 1708 1416 1781 illis
1435 1718 1524 1781 tem·

299 1824 446 1922 poribus
462 1852 541 1899 sese
552 1839 718 1900 avertens
738 1850 871 1899 novam
892 1839 1041 1900 aetatem
1057 1830 1137 1899 sine
1152 1827 1265 1900 dubio
1285 1828 1392 1923 priori
1410 1826 1524 1920 potio·

284 1966 372 2013 rem
404 1941 529 2014 Gallia
566 1946 735 2015 instituit.
760 1941 867 2039 Apud
899 1942 1086 2039 Hispanos
1118 1956 1245 2017 contra
1275 1953 1311 2015 et
1349 1966 1466 2015 mores
1487 1953 1523 2014 et

299 2055 446 2130 habitus
463 2076 497 2131 et
519 2059 665 2131 vivendi
698 2084 816 2157 genus
844 2059 942 2156 quod
973 2058 1083 2131 medii
1108 2063 1178 2133 aevi
1207 2063 1389 2159 proprium
1409 2056 1523 2131 luerat

298 2197 489 2271 nunquam
510 2173 755 2247 intermissum
767 2198 842 2265 est,
866 2200 1057 2272 nunquam
1081 2174 1133 2246 illi
1155 2174 1253 2249 hunc
1272 2199 1388 2247 rerum
1408 2172 1520 2247 subli-

287 2292 409 2377 ,mium
431 2314 591 2363 amorem
629 2315 738 2388 quem
772 2290 819 2362 ab
858 2295 1001 2387 origine
1034 2289 1198 2364 foverant
1226 2294 1380 2364 aversati
1411 2304 1517 2376 sunt;

296 2428 496 2503 nunquam,
527 2422 566 2479 ut
595 2411 646 2480 ita
669 2405 803 2493 dicam,
827 2432 846 2481 e
867 2405 963 2479 coelo
988 2409 1025 2479 in
1051 2419 1164 2479 terras
1193 2405 1428 2492 descendere,
1456 2402 1518 2477 ubi

297 2520 515 2595 mediocrem
531 2535 567 2595 et
583 2522 842 2595 industriosam
862 2525 975 2595 vitam
1003 2534 1166 2619 agerent,
1195 2521 1400 2611 voluerunt,
1428 2547 1516 2595 nun·
1607 2548 1611 2555 ·

294 2662 406 2735 quam
434 2641 597 2711 animum
619 2638 665 2710 ad
694 2652 933 2711 mercaturam
949 2651 987 2711 ut
1008 2637 1209 2738 ignobilem
1225 2663 1315 2713 sane
1330 2652 1365 2713 et
1384 2638 1519 2713 talibus

293 2752 377 2825 viris
398 2752 590 2851 indignam
603 2766 824 2827 convertere.
841 2752 1003 2850 Suijuris
1014 2757 1082 2826 etsi
1095 2752 1341 2851 amplissimas
1350 2758 1519 2852 regiones

292 2881 420 2966 postea
440 2868 613 2960 iecerunt,
638 2894 828 2968 nunquam
845 2870 891 2941 ad
907 2869 1086 2943 culturam
1115 2894 1178 2941 eas
1197 2871 1518 2944 accommodavere

294 2985 345 3055 ira
364 2998 403 3057 ut
419 2999 494 3057 turn
515 2985 662 3059 demum
692 2985 738 3059 ad
766 2998 1017 3083 paupertatem
1038 3009 1183 3082 vergere
1200 2984 1368 3059 videatur
1388 2987 1518 3085 Hispa·

293 3098 355 3171 nia
370 3126 452 3173 curn
475 3101 694 3175 ditissimam
725 3100 822 3174 orbis
856 3114 1028 3175 terrarum
1049 3114 1188 3199 partem
1207 3100 1366 3198 subegit.
1391 3103 1444 3175 Ea
1463 3113 1518 3174 est

290 3218 387 3288 enim
418 3218 611 3315 Hispania,
643 3244 687 3291 ea
711 3243 853 3316 semper
878 3222 945 3291 erit
965 3241 1075 3316 quam
1097 3216 1269 3302 diximuS,
1292 3214 1452 3291 conflata
1472 3242 1515 3291 ex

291 3328 434 3406 duobus
455 3332 644 3408 hominum
664 3332 881 3431 generibus:
914 3334 1066 3407 alterum
1089 3332 1268 3405 nobilium
1297 3337 1452 3406 otiosum
1480 3348 1515 3407 et

291 3472 466 3545 arrogans
482 3464 516 3522 et
532 3464 673 3523 tantum
695 3450 868 3523 sublimia
882 3454 1008 3522 animo
1027 3474 1190 3533 versanS,
1208 3448 1263 3522 vel
1284 3454 1346 3547 qui
1367 3453 1514 3547 propius

290 3586 411 3662 regem
429 3566 661 3663 contingunt,
686 3566 741 3639 vel
762 3570 824 3664 qui
845 3590 962 3663 pagos
980 3581 1016 3639 et
1035 3589 1212 3663 pauperes
1235 3565 1337 3639 aedes
1356 3570 1512 3664 pannosi

290 3680 397 3753 simul
414 3695 450 3755 et
469 3681 622 3779 superbi,
649 3697 689 3756 ut
708 3682 774 3756 luit
794 3682 1075 3780 pulcherrimum
1097 3684 1361 3779 Hispaniensis
1380 3682 1513 3756 nobili·

289 3799 375 3869 tatis
387 3797 573 3895 exemplar
592 3800 674 3871 Don
692 3798 863 3899 Quz'jote,
886 3798 1038 3871 alterum
1055 3802 1241 3895 egentium
1261 3809 1298 3870 et
1317 3798 1514 3895 precariam

290 3928 325 3982 et
350 3915 497 4011 inopem
520 3918 631 3987 vitam
654 3915 867 4012 degentium
898 3940 967 3987 nec
989 3929 1112 3987 tamen
1140 3913 1202 3986 illa
1221 3914 1403 4010 superbia,
1427 3942 1512 4013 quae

289 4030 385 4123 apud
418 4030 560 4104 nobiles
593 4030 727 4104 clarius
760 4031 913 4117 eluceat,
944 4031 1165 4104 orbatorum.
1199 4027 1363 4103 Medium
1394 4045 1515 4104 autem

289 4146 423 4217 civium
440 4145 605 4220 ordinem
620 4160 655 4219 et
672 4146 875 4220 mediocres
888 4147 970 4221 illas
979 4151 1129 4220 virtutes
1143 4173 1227 4244 quae
1240 4146 1332 4219 tales
1347 4147 1515 4221 homines
1558 4220 1561 4223 ,

290 4258 455 4351 deceant,
472 4263 507 4336 id
520 4277 574 4335 est
587 4262 802 4337 industriam
815 4277 850 4337 et
867 4262 973 4338 rebus
989 4263 1335 4361 agendisintentum
1349 4267 1511 4337 animum

288 4374 416 4449 frustra
437 4369 613 4475 requiras,
682 4372 699 4408 ²

340 4492 446 4566 Hanc
467 4499 689 4592 praecipuam
703 4495 825 4592 gentis
836 4496 933 4569 illius
948 4480 1110 4569 indolem
1127 4494 1331 4568 necessaria
1346 4494 1510 4594 ¹quadarn

288 4606 369 4705 lege
388 4624 506 4707 poetae
526 4611 681 4684 referunt
700 4623 737 4686 et
747 4608 976 4710 legislatores
988 4645 999 4688 ι
1011 4624 1131 4710 poetae
1151 4622 1272 4683 autem
1293 4615 1511 4687 recentiores

288 4724 414 4798 codem
453 4732 580 4828 spiritu
612 4726 786 4801 inflantur
823 4754 896 4827 quo
930 4733 1076 4826 prioreS,
1110 4752 1191 4799 cum
1225 4726 1321 4799 lacta
1360 4733 1510 4827 egregia

289 4840 408 4917 herois
427 4844 525 4920 illius
544 4868 653 4945 quem
669 4846 737 4919 «Ε
740 4845 758 4916 l
770 4844 851 4919 Cz'd
863 4874 882 4917 »
898 4846 1056 4943 Hispani
1068 4856 1295 4942 nuncupant,
1313 4843 1370 4920 vel
1386 4870 1508 4921 sacras
