3475 5609
876 502 1034 547 ...10-

394 650 472 723 Nec
499 653 588 722 satis
621 685 626 721 :
656 649 712 721 his
740 654 840 722 enim
874 648 1099 746 temporibus
1130 663 1165 721 et
1199 648 1294 747 apud
1325 649 1407 722 illas
1439 663 1568 745 gentes

344 770 491 863 viguere
525 766 695 863 quaedam
735 765 838 839 dotes
872 792 956 862 quae
989 764 1171 863 praecipue
1201 766 1284 838 illos
1313 792 1466 863 quorum
1494 770 1568 838 vita

346 885 383 954 in
401 882 542 953 bellicis
555 878 683 953 officiis
694 896 854 955 versatur
869 880 1040 954 decorare
1050 880 1230 968 videntur,
1245 881 1385 954 scilicet
1396 882 1567 979 quaedam

347 998 494 1071 modum
515 997 695 1071 excedens
722 997 903 1084 fortitude,
940 998 1145 1071 obstinatus
1174 1013 1209 1071 et
1233 997 1373 1071 defixus
1400 999 1446 1069 ad
1462 998 1567 1071 ulcis·

345 1116 482 1189 cendas
501 1114 650 1211 injurias
671 1119 826 1202 animuS,
847 1139 1093 1212 necunquam
1110 1115 1288 1212 abjurata,
1307 1119 1337 1187 si
1358 1113 1468 1188 modo
1479 1114 1567 1187 data

343 1229 516 1319 stcfides,
542 1231 699 1327 denique
725 1230 871 1303 habitus
896 1229 1047 1328 quidam
1072 1232 1278 1328 superbiam
1305 1231 1461 1327 spirans,
1483 1255 1561 1315 nec,

342 1348 471 1420 decore
490 1350 625 1419 amisso
645 1362 708 1419 aut
729 1346 831 1435 laeso,
854 1347 930 1419 ulla
945 1351 1048 1445 quies
1077 1351 1166 1444 quin
1194 1372 1318 1444 poenae
1345 1359 1561 1443 repetantur,

340 1478 375 1535 et
392 1463 523 1549 honoS,
546 1488 567 1533 a
589 1462 750 1558 patribus
765 1462 930 1549 traditus,
951 1462 1077 1559 aliquo
1097 1487 1234 1559 magno
1249 1463 1409 1536 facinore
1424 1466 1565 1559 integer

340 1584 558 1652 restituatur.
584 1578 681 1671 Quae
698 1578 845 1676 quidem
865 1578 1065 1675 peculiaria
1080 1577 1132 1649 illi
1148 1582 1249 1675 genti
1275 1576 1368 1652 falso
1396 1579 1567 1650 dicantur

340 1694 638 1792 quandoquidem
665 1694 760 1791 apud
791 1694 902 1767 ltalos
932 1707 994 1767 aut
1016 1698 1216 1791 praesertim
1245 1693 1341 1792 apud
1364 1693 1492 1767 Gallos
1512 1696 1565 1763 in-

339 1814 531 1883 veniantur
550 1824 585 1883 et
607 1816 644 1881 in
663 1810 894 1907 poematibus
916 1838 934 1877 «
956 1808 1069 1882 Realz‘
1086 1810 1129 1881 di
1147 1809 1314 1882 Francia
1337 1840 1355 1879 »
1376 1808 1485 1882 dictis
1504 1820 1567 1881 aut

339 1929 377 1997 in
412 1930 544 1999 nostris
581 1930 694 2022 epicis
728 1924 952 1999 carminibus
984 1924 1119 2023 saepius
1157 1925 1395 1999 celebrentur.
1437 1923 1562 1998 Nihilo

339 2053 463 2114 tamen
486 2042 605 2114 minus
625 2040 859 2114 asserendum
884 2055 938 2113 est
964 2041 1030 2114 has
1058 2044 1207 2115 virtutes
1237 2043 1348 2114 altius
1376 2054 1618 2157 provectasA

276 2256 279 2261 Ι
337 2182 416 2230 esse
436 2172 471 2229 et
492 2157 627 2231 diutius
643 2158 748 2230 simul
771 2174 806 2230 et
826 2157 976 2231 effusius
992 2158 1087 2256 apud
1110 2159 1297 2255 Hispanos
1317 2157 1488 2254 viguisse,
1515 2161 1565 2229 ita

335 2286 374 2347 ut
412 2274 554 2347 illarum
580 2274 647 2347 flos
678 2274 726 2346 ibi
767 2288 803 2346 et
834 2274 1029 2371 perlectum
1057 2274 1243 2372 exemplar
1272 2278 1454 2347 exstitisse
1487 2272 1564 2370 jure

337 2390 540 2464 videantur.

385 2507 465 2599 Qui
478 2511 576 2580 enim
598 2530 653 2578 res
674 2508 778 2579 aliter
797 2508 873 2580 fieri
899 2510 1138 2606 potuissent?
1166 2508 1219 2579 Ex
1245 2505 1317 2577 illis
1348 2504 1455 2577 bellis
1478 2532 1562 2604 quae

337 2624 616 2695 memoravimus
628 2628 800 2695 exsistere
816 2623 913 2721 apud
929 2622 1011 2695 illas
1023 2636 1150 2723 gentes
1165 2638 1199 2695 et
1215 2621 1418 2694 redundare
1431 2646 1557 2719 quam-

336 2739 419 2811 dam
442 2741 745 2813 consuetudinem
761 2767 911 2814 necesse
925 2752 1000 2812 erat
1016 2739 1125 2811 altius
1142 2751 1263 2811 mente
1282 2736 1502 2835 exsurgendi
1524 2753 1562 2810 et

335 2854 507 2927 sublimia
547 2868 688 2928 tantum
734 2855 969 2953 excogitandi
1011 2867 1045 2927 et
1087 2858 1190 2952 quasi
1221 2853 1389 2927 «sidera
1429 2856 1563 2925 vertice

335 2970 486 3044 feriendi
506 3001 537 3041 >›.
558 2970 674 3050 Nobis
690 2998 774 3045 vero
795 2998 858 3046 seu
880 2972 1018 3044 litteras
1034 2970 1167 3068 quibus
1187 2994 1270 3041 vera
1295 2972 1418 3065 gentis
1433 2972 1558 3066 imago

334 3090 555 3183 exprimitur,
594 3112 658 3159 seu
693 3113 809 3159 rerum
844 3103 1029 3185 gestarum
1069 3084 1233 3158 Annales
1264 3083 1554 3182 respicientibus

333 3202 461 3275 eadem
483 3202 563 3276 haec
584 3228 664 3275 sese
688 3204 844 3277 offerunt
864 3228 983 3300 :gens
1009 3230 1029 3275 e
1050 3190 1163 3274 'modo
1183 3200 1291 3274 solita
1306 3225 1559 3297 soepenumero

288 3408 292 3419 Ι
332 3320 455 3414 egredi
476 3334 510 3390 et
527 3323 702 3392 inusitata
722 3333 863 3393 tantum
886 3332 920 3391 et
940 3317 1097 3417 grandia
1117 3342 1240 3390 amore
1255 3341 1321 3389 suo
1336 3319 1506 3414 prosequi
1523 3330 1559 3388 et

331 3434 376 3506 ad
398 3438 682 3507 ostentationem
704 3448 871 3533 prompta
886 3448 921 3507 et
941 3460 1056 3533 usque
1075 3433 1121 3506 ad
1148 3436 1275 3507 vitium
1295 3431 1554 3530 grandiloqua.

334 3550 426 3623 Haec
456 3565 566 3648 atque
595 3551 684 3623 talia
715 3555 752 3623 in
780 3550 953 3624 omnibus
973 3551 1028 3624 vel
1059 3553 1327 3648 antiquissimis
1346 3548 1446 3621 libris
1466 3573 1558 3646 quos

331 3665 412 3737 tulit
435 3665 613 3763 Hispania
636 3672 860 3764 reperiuntur
888 3671 949 3766 qui
981 3665 1072 3738 nihil
1093 3665 1192 3739 aliud
1218 3665 1325 3738 nobis
1351 3677 1558 3763 proponunt

332 3784 402 3853 nisi
422 3807 476 3855 res
488 3796 550 3855 aut
570 3784 719 3856 modum
739 3783 959 3856 excedentes
974 3799 1036 3855 aut
1052 3782 1289 3881 quotidianos
1308 3794 1344 3854 et
1360 3780 1557 3854 mediocres

330 3897 416 3971 vitae
436 3924 522 3971 usus
545 3924 796 3997 supergressas
821 3913 883 3972 aut
913 3904 964 3972 ita
991 3900 1082 3971 nihil
1111 3898 1234 3990 medii,
1265 3896 1356 3970 nihil
1380 3895 1556 3995 simplicis

329 4014 547 4110 praebenteS,
579 4029 616 4089 ut
642 4019 803 4089 insanire
837 4015 906 4105 vel,
937 4015 966 4088 si
1007 4016 1075 4088 hoc
1113 4015 1237 4088 durius
1270 4013 1406 4087 dictum
1435 4026 1548 4110 putes

328 4144 422 4202 certe
463 4135 619 4227 vestigia
656 4132 767 4228 vulgo
797 4158 818 4204 a
852 4134 982 4204 ceteris
1019 4130 1163 4229 populis
1201 4134 1284 4204 trita
1323 4129 1553 4227 deriliquisse

326 4244 530 4337 videantur,
554 4263 589 4320 et
616 4252 646 4320 si
668 4249 756 4346 quid
785 4248 974 4345 ingenium
997 4248 1157 4338 liberiuS,
1183 4245 1355 4319 immissis
1381 4245 1546 4335 habenis

325 4363 463 4435 insoliti
484 4369 693 4461 excogitare
707 4369 833 4461 possit,
864 4365 934 4437 hoc
958 4369 1187 4462 potissimum
1215 4373 1403 4437 assecutos
1417 4386 1497 4435 esse
1515 4375 1550 4434 et
1647 4402 1653 4411 ·

325 4481 363 4550 in
385 4478 439 4551 his
458 4506 543 4577 quae
563 4494 663 4552 extra
681 4494 847 4553 naturam
869 4495 904 4553 et
924 4485 1112 4553 veritatem
1133 4491 1335 4579 evagantur
1349 4478 1549 4553 exsultasse

326 4608 361 4667 et
380 4595 633 4693 triumphasse.

377 4712 461 4785 Non
483 4716 593 4810 igitur
613 4713 763 4785 multum
784 4713 1080 4787 averodiscedat
1094 4713 1123 4785 si
1145 4716 1227 4811 quis
1246 4711 1446 4785 contendat
1463 4713 1547 4785 His-
