3475 5609
885 544 1048 593 -20-

360 712 424 789 per
439 688 576 789 figuras
590 703 757 789 agantur,
778 714 801 764 a
816 689 961 789 legibus
979 688 1135 765 scenicis
1149 689 1345 764 dissentire
1361 689 1438 788 jure
1461 691 1584 766 dicen·

359 805 445 879 dum
475 820 529 881 est
562 842 569 881 :
607 832 699 906 quas
718 806 854 904 figuras
885 833 962 880 non
982 810 1080 904 prius
1099 810 1271 881 omittent
1301 807 1440 905 dialogi
1471 834 1583 908 quam

359 922 553 997 Celestz'na
578 924 677 997 claro
696 948 762 997 suo
788 924 955 1021 exemplo
981 937 1147 997 auctores
1172 923 1334 998 docuerit
1353 938 1393 999 ut
1412 930 1457 999 iis
1476 926 1583 999 vanis

358 1066 427 1114 nec
446 1042 493 1115 ad
517 1042 629 1116 finem
662 1043 899 1141 propositum,
927 1046 957 1116 si
985 1042 1032 1115 ad
1066 1041 1247 1116 theatrum
1274 1047 1462 1141 respicias,
1485 1048 1582 1141 aptis

357 1156 465 1230 rebus
481 1170 657 1231 carerent.

408 1273 568 1349 Fabulas
582 1299 603 1348 c
617 1273 797 1371 religione
816 1285 916 1348 ortas
940 1286 1027 1348 ante
1048 1272 1280 1347 Fernandum
1308 1274 1353 1347 de
1371 1276 1487 1376 Rojas
1512 1280 1581 1374 pri·

359 1414 438 1464 mus
452 1404 507 1465 est
525 1390 634 1490 Juan
667 1391 730 1464 del
753 1388 903 1464 Encz'na
918 1394 981 1488 qui
1001 1389 1049 1464 ad
1073 1414 1130 1463 res
1152 1390 1334 1464 humanas
1352 1390 1578 1489 effingendas
1658 1480 1664 1487 ,

357 1505 592 1580 transtulerit.
633 1508 776 1580 Primus
805 1530 953 1605 quoque
973 1505 1045 1579 dici
1060 1519 1179 1604 potest
1195 1511 1256 1605 qui
1278 1532 1363 1605 quae
1384 1507 1578 1607 lyricorum

356 1636 544 1720 poetarum
559 1635 623 1697 aut
641 1622 761 1722 plebis
775 1626 920 1721 propria
949 1636 1059 1695 antea
1089 1634 1213 1695 essent
1240 1621 1397 1721 dialogis
1417 1628 1581 1700 incitatis

356 1750 393 1813 et
418 1738 576 1813 amoenis
591 1743 773 1813 ornaverit
806 1740 876 1837 (il.
899 1741 1027 1837 ltaque
1057 1739 1154 1813 hunc
1176 1738 1433 1837 Hispaniensis
1447 1742 1578 1816 theatri

357 1854 462 1929 initia
477 1855 620 1930 dedisse
636 1859 673 1929 in
690 1881 756 1930 sua
776 1855 840 1928 illa
857 1884 876 1925 «
896 1856 969 1929 Loa
982 1857 1026 1929 de
1046 1856 1082 1928 la
1103 1854 1313 1949 Cmnedz'as
1336 1859 1391 1953 (2)
1408 1858 1579 1958 Agustin

354 1974 398 2046 de
414 1971 531 2073 Rojas
549 1972 748 2070 profitetur.
778 1972 862 2045 Non
885 1986 1007 2045 tamen
1026 1976 1064 2044 in
1083 1972 1268 2071 publicum
1284 1997 1394 2069 opera
1413 1998 1480 2047 sua
1498 2000 1578 2072 pro·

353 2088 447 2181 tulit,
465 2089 530 2164 sed
544 2092 640 2164 intra
651 2088 807 2189 parietes
829 2114 912 2163 cum
943 2088 1046 2164 ducis
1071 2087 1218 2178 Albani,
1250 2102 1326 2163 turn
1346 2093 1456 2163 etiam
1474 2092 1577 2165 Prin-

352 2210 446 2304 cipis
464 2206 547 2280 Dim
559 2206 684 2307 Juan,
706 2204 778 2279 illis
793 2203 944 2305 privatis
956 2205 1108 2279 theatris
1123 2217 1329 2294 contentus,
1355 2231 1430 2280 non
1455 2205 1576 2283 adhuc

351 2348 455 2397 veras
482 2322 538 2397 vel
576 2349 596 2397 e
623 2335 753 2396 natura
780 2346 969 2419 expressas
1007 2320 1211 2395 comoedias
1236 2320 1351 2395 edidit
1378 2322 1442 2396 sed
1457 2327 1578 2422 potius

351 2444 494 2514 semina
514 2439 685 2538 quaedam
703 2450 766 2513 aut
780 2440 934 2536 primam
949 2450 986 2511 et
1002 2438 1250 2535 imperiectam
1265 2440 1461 2515 comoediae
1487 2444 1576 2515 ima·

350 2559 494 2655 ginem.

401 2673 518 2773 Hujus
537 2684 658 2772 poetae
677 2675 790 2744 vitam
810 2673 907 2743 intra
925 2668 993 2743 tria
1012 2668 1130 2768 spatia
1154 2670 1356 2745 describere
1388 2671 1483 2769 potis
1504 2687 1573 2752 est.

350 2788 468 2863 Natus
490 2802 552 2863 aut
568 2793 606 2861 in
618 2787 855 2862 Salmantina
873 2787 1025 2859 civitate
1036 2797 1098 2859 aut
1113 2789 1153 2858 in
1168 2785 1379 2860 suburbano
1393 2787 1522 2863 litteris
1540 2802 1576 2863 et

348 2904 549 3003 theologiae
565 2908 603 2977 in
619 2903 682 2978 illa
698 2906 778 3001 ipsa
792 2899 880 2975 urbe
897 2925 1045 2998 operam
1065 2900 1182 2975 dedit.
1206 2900 1494 2995 Quatuordecim
1511 2909 1572 2978 vix

349 3046 468 3096 annos
487 3033 596 3096 natus
622 3018 787 3093 versibus
820 3015 1039 3114 indulgebat
1061 3032 1097 3090 et
1116 3021 1177 3091 vix
1206 3022 1369 3117 quinque
1389 3032 1425 3091 et
1444 3018 1573 3117 viginti

349 3164 468 3214 annos
486 3164 653 3237 egressus
672 3136 744 3211 iere
759 3138 886 3210 omnia
910 3139 1076 3208 carmina
1095 3161 1181 3234 quae
1205 3139 1244 3208 in
1263 3160 1330 3210 suo
1350 3138 1575 3211 Cancionero

347 3268 536 3329 versantur
553 3253 761 3329 absolverat
784 3286 791 3343 ;
815 3256 853 3325 in
874 3277 947 3351 quo
966 3265 1052 3326 sunt
1067 3277 1148 3325 cum
1170 3276 1274 3325 sacra
1294 3267 1465 3349 poemata
1485 3279 1570 3352 quae

347 3396 484 3446 meram
511 3396 580 3444 nec
599 3369 808 3443 simulatam
843 3366 1060 3465 religionem
1085 3366 1263 3457 redolent,
1297 3381 1373 3441 turn
1404 3369 1570 3468 prolana,

346 3487 480 3588 quibus
490 3499 526 3561 et
541 3490 725 3585 ingenuus
740 3484 843 3583 lepos
856 3497 893 3557 et
912 3483 1065 3581 elegans
1078 3488 1200 3581 gratia
1219 3510 1294 3557 non
1310 3482 1456 3559 desunt.
1475 3487 1573 3559 Peri-

345 3617 403 3679 tus
428 3607 589 3679 musicus
616 3616 652 3676 et
684 3615 793 3701 poeta
825 3599 960 3699 lyricus
992 3600 1085 3673 duas
1122 3599 1205 3673 illas
1230 3613 1327 3676 artes
1353 3603 1458 3676 simul
1489 3629 1572 3678 cum

344 3719 487 3809 coleret,
512 3722 746 3817 antiquorum
783 3714 939 3812 vestigia
968 3728 1004 3788 et
1022 3718 1222 3812 praesertim
1258 3714 1401 3789 illorum
1435 3718 1571 3793 fidibus

344 3835 549 3910 deditorum
583 3846 771 3932 poetarum
813 3856 907 3930 quos
940 3830 1143 3905 meridiana
1176 3855 1258 3928 pars
1290 3832 1451 3907 Gatiiaae
1487 3835 1571 3909 tulit

343 3963 489 4027 secutus
502 3962 566 4040 est,
582 3962 621 4025 ut
633 3949 731 4023 illius
746 3948 868 4022 «Arte
883 3949 926 4020 de
944 3945 1068 4035 poesia
1079 3946 1311 4020 castellana»
1328 3947 1567 4025 demonstrat.

345 4069 452 4143 Hanc
481 4071 659 4142 rationem
680 4077 715 4139 et
743 4068 841 4139 viam
862 4077 1008 4137 secutus
1029 4088 1120 4161 quas
1147 4075 1257 4135 antea
1284 4062 1358 4137 illae
1393 4096 1412 4134 ‹<
1436 4068 1571 4165 Coplas

342 4186 385 4259 de
404 4185 535 4286 Mz'ngo
554 4183 760 4282 Reoulgor
786 4193 1014 4279 aperuerant,
1057 4178 1212 4276 Vergilii
1247 4179 1423 4255 Bucolica
1455 4182 1570 4258 fusius

341 4302 513 4401 explicat,
529 4298 717 4373 nonnullis
731 4297 838 4371 rebus
854 4323 947 4396 quas
961 4321 1125 4395 praesens
1144 4308 1238 4370 aetas
1252 4294 1366 4370 dabat
1381 4299 1565 4372 admixtis.

342 4417 438 4492 Tum
450 4441 545 4505 ver0‚
562 4419 641 4489 sine
651 4414 727 4489 ullo
739 4412 866 4501 dubio,
881 4412 1093 4511 professoris
1123 4412 1173 4485 D.
1191 4410 1371 4487 Gutr'erre
1383 4416 1428 4488 de
1445 4416 1478 4487 T
1471 4418 1569 4490 oledo

341 4560 410 4633 ope
426 4536 465 4607 in
480 4533 628 4607 domum
649 4532 754 4604 ducis
778 4528 915 4603 Albani
935 4531 1115 4626 excipitur
1140 4530 1204 4626 qui
1235 4530 1273 4599 in
1295 4534 1567 4607 matrimonium

373 4757 409 4820 (r)
419 4754 461 4806 Cl.
480 4756 569 4804 Teatro
581 4754 706 4817 completo
718 4753 750 4803 de
762 4751 839 4816 Juan
854 4752 898 4802 del
914 4752 1023 4813 Encr'na,
1043 4750 1154 4801 Edicion
1173 4750 1205 4800 de
1219 4750 1246 4800 la
1263 4752 1328 4801 Real
1336 4753 1472 4805 Academia
1490 4756 1568 4819 aspa-

342 4836 410 4887 boza.
421 4864 453 4877 -
469 4833 663 4899 Madrid,1893.

374 4918 411 4983 (a)
431 4916 680 4983 Viajeentretenido
693 4914 783 4982 (idm).
