3475 5609
1104 1 1729 169 *a*l

930 448 1092 513 ..18-

395 614 515 709 sagire
530 614 646 709 possit
666 636 751 709 quae
772 610 890 685 lutura
915 624 1036 685 essent
1062 635 1171 709 opera
1191 611 1256 686 illa
1284 640 1304 681 <‹
1318 621 1423 688 autos
1446 638 1623 712 »cogno-

396 732 536 802 minata
550 741 586 801 et
605 726 749 803 aMr'ra
763 730 806 801 de
823 729 1002 802 Amescua
1020 740 1056 802 et
1072 726 1278 803 Calderone
1291 730 1521 828 composita?

443 846 540 919 Sunt
558 858 594 918 et
614 844 718 943 hujus
738 844 910 942 temporis
922 848 1089 917 carmina
1103 844 1276 943 quaedam
1291 870 1390 945 quae,
1408 849 1477 919 etsi
1492 870 1620 945 quern·

391 959 477 1033 dam
496 960 684 1058 dialogum
705 961 907 1049 continent,
939 964 1072 1034 rectius
1097 959 1219 1059 lyricis
1241 984 1352 1059 quam
1372 987 1495 1036 scenae
1521 966 1623 1037 natis

390 1077 497 1150 rebus
517 1076 718 1151 adscribas.
750 1078 843 1151 Haec
873 1102 895 1149 a
925 1089 1073 1151 cantore
1106 1102 1181 1150 non
1210 1080 1291 1150 sine
1319 1082 1432 1154 totius
1456 1080 1620 1176 corporis

391 1207 492 1267 motu
519 1220 600 1267 cum
628 1198 864 1268 recitarentur
897 1218 972 1266 non
1005 1195 1142 1267 idcirco
1179 1196 1408 1292 aequiparare
1453 1193 1619 1294 prologis

390 1335 537 1408 aequum
553 1322 617 1399 est,
643 1310 802 1409 quande,
821 1309 890 1384 sub
909 1310 1130 1407 temporibus
1148 1322 1290 1384 tantum
1311 1309 1443 1410 quibus
1461 1311 1554 1411 Lope
1572 1312 1619 1385 de

392 1429 518 1500 Rrreda
533 1426 695 1524 vigebat,
718 1426 787 1500 hoc
806 1426 979 1499 carminis
993 1452 1111 1524 genus
1135 1426 1244 1524 vulgo
1274 1456 1292 1495 «
1315 1452 1479 1501 romanoe
1499 1456 1519 1497 »
1540 1426 1615 1501 dic·

389 1557 465 1617 tum
482 1542 653 1641 prologus
681 1542 749 1631 vel,
786 1546 816 1615 si
851 1545 903 1615 uti
932 1546 1076 1640 proprio
1096 1541 1278 1616 vocabulo
1307 1541 1402 1631 licet,
1423 1572 1443 1612 «
1466 1544 1522 1619 loa
1541 1556 1617 1618 »et

388 1665 455 1733 erit
473 1673 509 1734 et
528 1658 782 1757 appellabitur.
815 1660 856 1731 ln
882 1657 1052 1755 operibus
1074 1686 1096 1731 a
1117 1660 1279 1735 Gonaalo
1296 1661 1340 1732 de
1357 1661 1491 1735 Berceo
1515 1685 1615 1736 corn·

386 1776 514 1875 positis
551 1789 700 1849 cantum
734 1775 931 1874 quemdam
966 1778 1173 1849 invenimus
1214 1801 1322 1874 quem
1352 1775 1531 1851 satellites
1563 1774 1611 1849 ad

384 1896 503 1968 sancti
521 1890 699 1989 sepulchri
721 1891 924 1965 custodiam
941 1894 1126 1988 praepositi
1145 1892 1319 1980 edebant,
1347 1895 1424 1990 qui,
1442 1895 1509 1968 etsi
1530 1917 1614 1990 pars

384 2006 573 2106 cujusdam
591 2006 666 2081 ludi
695 2010 831 2080 scenici
852 2006 898 2078 ad
919 2005 1176 2099 celebrandam
1211 2005 1424 2105 religionem
1452 2007 1607 2083 adhibiti

381 2150 461 2199 esse
489 2123 642 2212 videtur,
676 2135 799 2196 tamen
828 2148 902 2194 non
939 2120 1092 2196 multum
1121 2126 1279 2222 pertinet
1298 2124 1345 2196 ad
1367 2123 1463 2197 hane
1497 2148 1608 2222 quarn

381 2243 565 2338 agitamus
577 2242 837 2337 quaestionem,
852 2237 992 2311 scilicet
1005 2237 1050 2312 de
1066 2236 1299 2312 informando
1309 2239 1407 2338 apud
1421 2239 1608 2337 Hispanos

381 2356 536 2429 theatro.
577 2354 654 2428 Nec
671 2354 752 2452 plus
771 2354 817 2428 ad
845 2352 1014 2427 eumdem
1041 2354 1152 2427 finem
1180 2354 1303 2427 valent
1323 2358 1399 2429 sive
1415 2353 1564 2453 Dialogi
1586 2380 1608 2430 a

382 2471 653 2571 Compostelano
680 2473 814 2567 scripti,
834 2474 910 2543 sive
933 2469 991 2543 El
1015 2470 1133 2544 Duelo
1147 2472 1191 2543 de
1211 2470 1248 2543 la
1279 2468 1418 2570 Vr'rgen
1433 2496 1456 2545 a
1474 2471 1607 2545 Berceo

380 2588 622 2684 compositus,
645 2584 742 2684 quod
758 2585 905 2684 quidem
918 2584 1068 2682 Judaeus
1083 2583 1255 2658 Rabidon
1272 2585 1432 2659 Santode
1441 2588 1606 2663 Carrion

377 2706 566 2801 scripsisse
599 2700 737 2793 dicunt,
760 2700 901 2775 scilicet
917 2699 1018 2773 illam
1040 2730 1057 2769 ‹<
1082 2700 1215 2774 Danaa
1237 2701 1280 2773 de
1298 2701 1333 2774 la
1351 2702 1498 2775 Muerte
1514 2734 1548 2795 s,
1567 2702 1604 2775 id

377 2819 516 2917 aliquid
541 2817 710 2892 utilitatis
743 2830 871 2915 postea
890 2830 1033 2891 tantum
1053 2815 1225 2893 habuisse
1242 2817 1395 2891 videtur.
1414 2817 1483 2892 Vel
1503 2817 1602 2919 apud
1717 2810 1725 2821 ⁴

373 2949 501 3034 poetas
520 2936 659 3008 Puerto
678 2936 841 3008 Carrero
855 2946 891 3007 et
910 2936 1111 3031 praesertim
1126 2934 1164 3006 E
1164 2933 1299 3023 scrr'va,
1316 2936 1460 3007 etiamsi
1474 2934 1600 3009 adum·

373 3050 475 3125 brata
496 3050 668 3151 quaedam
698 3049 823 3123 fabula
854 3053 1062 3123 inveniatur
1081 3053 1120 3123 in
1153 3076 1227 3148 qua
1258 3050 1371 3123 Amor
1388 3062 1424 3123 et
1445 3050 1538 3149 Spes
1563 3064 1602 3127 et

372 3168 544 3267 quaedam
561 3167 646 3240 aliae
677 3190 824 3265 summ„
844 3192 908 3264 pro
924 3169 1088 3264 personis
1115 3164 1347 3255 adhibentur,
1372 3164 1464 3240 nihil
1498 3165 1599 3241 aliud

371 3285 441 3358 nisi
464 3283 534 3357 loci
551 3307 764 3357 communes
784 3296 870 3356 sunt
900 3281 1000 3356 nulla
1016 3308 1054 3356 re
1085 3282 1280 3358 dissimiles
1301 3283 1359 3356 his
1382 3281 1516 3381 quibus
1542 3286 1597 3357 uti

371 3400 492 3475 solent
506 3400 607 3499 lyrici
629 3403 743 3474 nostri
769 3426 789 3473 e
822 3400 1055 3473 Narbonensi
1076 3402 1268 3497 provincia
1286 3402 1403 3497 priore
1432 3412 1595 3498 tempore

372 3516 453 3593 orti.
1233 3500 1237 3506 ¹

421 3634 514 3707 Haec
529 3634 659 3719 eadem
678 3632 743 3707 sed
759 3658 841 3707 cum
853 3632 1012 3731 quodam
1029 3631 1194 3706 molliore
1210 3630 1330 3730 lepore
1345 3630 1450 3706 refert
1474 3630 1596 3705 bellis·

368 3754 483 3825 simus
503 3749 564 3822 ille
583 3747 763 3846 Dialogus
792 3775 815 3822 a
834 3745 1000 3847 Rodrz'go
1017 3750 1060 3819 de
1081 3750 1171 3822 Cata
1204 3747 1356 3847 scriptus
1387 3782 1395 3821 :
1432 3751 1470 3820 in
1492 3747 1596 3823 horto

368 3892 477 3966 quern
497 3866 552 3940 sol
571 3865 707 3940 exussit
726 3866 788 3939 ubi
804 3864 934 3939 domus
953 3889 1064 3962 quam
1081 3863 1227 3939 Gaudia
1242 3890 1339 3939 vana
1357 3864 1587 3939 incoluerant

364 3997 486 4081 putres
514 3993 674 4057 ostentat
708 3986 844 4072 ruinas,
882 3981 951 4055 sub
977 4006 1134 4077 paupere
1161 3981 1286 4055 casula
1313 3992 1461 4054 aetatem
1491 3979 1592 4078 degit

362 4125 475 4173 senex
491 4099 657 4198 quidam,
674 4102 732 4172 cui
754 4097 877 4172 subito
898 4098 1010 4171 Amor
1029 4096 1069 4170 fit
1089 4096 1229 4172 obvius.
1261 4100 1301 4172 ln
1335 4097 1433 4170 hunc
1465 4100 1590 4171 statim

360 4216 503 4289 tumido
541 4241 602 4289 ore
635 4215 818 4289 invehitur
860 4214 985 4287 Senex
1034 4239 1193 4312 quaeque
1245 4214 1342 4287 mala
1392 4212 1447 4287 vel
1500 4212 1588 4285 laci·

360 4358 495 4407 norosa
513 4330 627 4406 edunt
658 4334 720 4429 qui
737 4332 863 4404 Amori
884 4333 1086 4403 inserviunt
1105 4329 1310 4427 exprobrat.
1342 4329 1411 4403 Cui
1434 4328 1584 4426 quidem

360 4448 442 4522 haec
462 4460 498 4522 et
526 4447 615 4521 talia
638 4447 790 4545 jactanti
823 4447 936 4520 Amor
962 4450 1000 4518 in
1029 4444 1284 4543 respondendo
1300 4444 1458 4519 ostendit
1473 4469 1585 4542 quam

357 4569 404 4641 sit
423 4591 489 4639 sua
509 4563 621 4662 ipsius
637 4567 675 4636 in
687 4563 884 4636 domandis
903 4562 1075 4635 omnibus
1095 4561 1348 4637 animantibus
1362 4566 1438 4635 sive
1451 4573 1582 4634 terram

357 4682 432 4757 sive
458 4704 609 4780 aequora
628 4682 704 4754 slve
732 4704 817 4754 aera
837 4678 1085 4754 incolentibus
1114 4682 1253 4797 invipta
1272 4691 1457 4778 potestas,
1492 4678 1583 4776 quin
