3475 5609
693 502 851 581 -6r-
1397 503 1406 574 t

166 667 374 740 mandatum
412 681 466 739 est
499 677 534 737 et
577 664 624 735 ab
656 664 808 737 Aloriso'
833 665 876 735 de
908 664 1052 735 Procae
1082 675 1281 737 correctum
1320 666 1386 760 (1).

164 781 355 856 Sexdecim
388 795 542 868 tantum,
590 785 681 852 sicut
713 783 913 884 anteriores
952 777 1145 868 editioneS,
1168 805 1213 850 ex
1246 777 1389 851 actibus

164 897 344 970 conflatur
359 910 396 970 ut
418 900 540 994 inquo
560 910 663 969 actus
680 901 740 993 qui
765 901 798 966 in
817 897 980 968 editione
994 919 1092 965 anno
1112 893 1225 966 MDII
1246 893 1390 990 prolata

165 1014 246 1100 XV,
267 1013 365 1100 XVI,
392 1013 495 1085 XVII
514 1029 547 1084 ct
569 1013 689 1084 XVIII
709 1027 943 1082 numerantur
957 1009 1089 1096 desint,
1106 1027 1253 1105 quartus
1268 1023 1389 1083 autem

166 1129 367 1202 decimusa
397 1133 514 1226 prima
544 1117 645 1200 actus
675 1143 773 1224 parte
805 1131 867 1226 qui
901 1141 1027 1223 postea
1052 1146 1201 1224 quartus
1226 1125 1391 1199 decimus

166 1245 284 1318 dictus
304 1261 357 1318 est
380 1250 415 1316 in
437 1245 601 1316 ultimam
623 1259 726 1316 actus
742 1257 879 1342 partem
897 1248 970 1342 qui,
990 1259 1183 1341 postquam
1201 1241 1390 1316 Celestz'na

167 1361 401 1434 novissimam
442 1357 560 1432 induit
588 1359 752 1444 lormam,
782 1384 931 1431 numero
951 1382 1018 1432 xix
1037 1363 1205 1456 signatus
1238 1372 1294 1432 est
1312 1383 1391 1456 pro·

166 1483 265 1550 tinus
297 1490 515 1548 transcurrat
555 1481 624 1564 (2),
664 1480 776 1572 Atqui
817 1489 920 1548 actus
953 1478 1015 1572 qui
1051 1479 1088 1546 in
1126 1472 1391 1548 recentioribus

165 1591 393 1666 editionibus
409 1593 489 1678 XV,
515 1593 600 1664 XVI
622 1605 656 1663 et
678 1592 781 1664 XVII
807 1602 981 1664 notantur
1006 1616 1113 1663 casus
1131 1605 1168 1663 et
1201 1589 1393 1663 varietates

165 1723 252 1781 ante
277 1712 404 1780 oculos
424 1723 629 1804 proponunt
650 1706 781 1804 quibus
798 1710 946 1804 segnior
964 1705 1004 1777 fit
1024 1721 1060 1777 et
1080 1705 1289 1802 languidior
1303 1707 1391 1779 Tra·

167 1822 399 1918 gicomoediae
435 1838 564 1896 nostrae
595 1827 761 1920 impetus.
800 1823 933 1893 Parum
961 1825 1060 1894 enim
1094 1835 1234 1894 attento
1267 1823 1393 1894 animo

171 1935 326 2008 Eliciam
348 1953 382 2009 et
404 1939 578 2010 Areusam
601 1941 802 2035 excipimus
822 1963 913 2035 quae,
933 1940 1065 2010 occisis
1085 1932 1272 2010 Celestina
1288 1937 1392 2010 Sem·

167 2056 370 2150 pronioque
386 2067 421 2125 et
441 2054 681 2143 Parmenone,
708 2057 905 2126 immeritas
925 2079 1054 2150 poenas
1068 2079 1090 2126 a
1104 2051 1244 2126 Calisto
1272 2065 1393 2151 petere

170 2173 208 2240 in
229 2168 352 2242 animo
372 2168 520 2266 habent.
546 2171 746 2268 Postquam
767 2169 884 2242 Sosiae
925 2170 1064 2243 Areusa
1083 2169 1223 2241 domini
1258 2193 1393 2241 arcana

170 2286 297 2357 elicuit
311 2297 351 2358 ut
368 2274 581 2359 l‘enturioni
600 2285 797 2358 ulciscendi
814 2298 956 2382 tempus
976 2284 1197 2382 designaret,
1214 2284 1302 2383 quid
1315 2298 1392 2357 tum

173 2401 292 2472 inde?
315 2401 347 2473 Τ
342 2428 426 2474 raso
445 2415 586 2475 tantum
609 2402 799 2474 intervenit
818 2399 890 2500 qui,
916 2426 937 2472 a
957 2401 1179 2475 Centurione
1198 2400 1390 2490 adductuS,

170 2529 257 2588 ante
288 2515 456 2589 Melibeae
485 2517 626 2590 bortum
658 2516 798 2589 turbam
833 2515 918 2588 lacit
938 2532 973 2588 et
993 2515 1183 2590 confestim
1214 2515 1387 2590 discedit.

171 2631 294 2704 Inutili
332 2631 394 2704 illa
427 2656 596 2730 persona,
627 2657 735 2730 quam
784 2647 942 2705 ceterum
976 2631 1172 2729 prolectam
1202 2658 1281 2706 esse
1310 2657 1395 2706 mox

173 2745 327 2819 Trz'stan
357 2752 513 2828 nuntiat.
552 2747 642 2820 nihil
672 2747 813 2822 Calisto
833 2773 923 2844 opus
943 2767 997 2820 est
1034 2764 1072 2823 ut
1105 2750 1259 2823 obscura
1288 2762 1396 2822 nocte

167 2863 345 2958 deceptus
361 2863 479 2935 scalas
514 2890 587 2936 non
608 2863 730 2936 videat
748 2878 783 2934 et
816 2863 896 2936 solo
916 2878 1024 2960 caput
1054 2867 1248 2963 impingat.
1271 2865 1395 2962 Magis

167 2981 282 3050 etiam
309 2977 386 3049 haec
402 3003 624 3074 supervacua
645 2992 728 3050 sunt
749 3005 840 3074 qua,
861 2982 1059 3075 incipiente
1079 2983 1117 3051 in
1138 2972 1396 3076 posterioribus
1448 2962 1452 2971 ¹

167 3093 395 3166 editi0nibus
415 3099 587 3167 vicesimo
620 3110 714 3182 actu,
739 3095 899 3166 I'ristani
930 3093 1038 3169 Sosia
1067 3111 1202 3184 narrat,
1224 3100 1312 3194 quia
1340 3121 1396 3169 res

172 3215 211 3282 in
234 3213 389 3307 septimo
415 3210 555 3282 decimo
586 3225 669 3283 actu
687 3209 760 3307 jam
782 3225 883 3284 actas
898 3226 1066 3308 repetunt
1085 3229 1120 3285 et
1148 3225 1393 3309 corrumpunt.

171 3328 252 3400 Nos
268 3325 397 3398 melius
416 3325 530 3422 Rojas
545 3340 580 3399 et
609 3325 839 3399 verisimilius
873 3340 1040 3424 equarto
1066 3328 1209 3400 decimo
1242 3341 1325 3400 actu
1359 3331 1396 3398 in

171 3456 401 3539 sequentem,
419 3439 454 3512 id
469 3456 522 3514 est
537 3447 572 3548 in
588 3442 753 3515 ultimam
768 3441 865 3514 illius
877 3456 1016 3538 partem
1037 3447 1097 3541 qui
1113 3456 1238 3540 postea
1248 3470 1398 3517 numero

173 3579 244 3631 xlx
264 3571 411 3630 notatus
431 3571 497 3644 est,
516 3557 667 3653 primum
684 3555 909 3630 traducebat.

226 3673 266 3746 Si
285 3673 431 3772 quidem
450 3698 505 3744 res
525 3673 660 3745 tardius
686 3689 720 3745 ct
742 3673 906 3770 frigidius
923 3677 959 3744 in
979 3675 1236 3771 posteri0ribus
1269 3675 1398 3750 editio·

174 3790 286 3862 nibus
309 3802 478 3886 aguntur,
499 3788 570 3882 duo
591 3787 718 3860 saltem
755 3815 873 3880 scena,
902 3793 1099 3862 maximam
1128 3807 1400 3890 consequuntur
1472 3824 1481 3837 ·

171 3910 332 4002 gratiam
354 3929 505 4002 quarum
522 3905 635 3976 altera
656 3929 827 4001 magnam
858 3908 1022 3977 vicesimi
1047 3906 1159 3980 Actus
1176 3924 1313 4004 partem
1335 3913 1400 3982 im·

208 4093 244 4154 (r)
258 4089 406 4138 Voluminis
421 4090 488 4140 illius
511 4091 594 4140 torma
609 4091 670 4152 in-40
686 4089 784 4148 dicitur,
803 4089 942 4138 litterarum
958 4097 1026 4138 notae
1043 4093 1154 4156 gothicae
1176 4103 1361 4158 nuncupantur.
1377 4105 1403 4144 et

174 4170 262 4220 titulus
277 4169 313 4218 sic
327 4170 487 4220 Inseribitur:
503 4187 516 4218 e
534 4171 650 4219 Comedia
665 4172 696 4218 de
712 4171 809 4218 Culr'slo
820 4188 840 4231 y
856 4171 967 4218 Melibea
987 4188 1029 4218 con
1051 4189 1097 4220 sus
1121 4180 1289 4235 argumentans
1311 4193 1403 4224 sineva-

175 4257 261 4300 mente
273 4251 399 4299 alladidos
417 4253 442 4299 la
452 4253 515 4312 qual
529 4252 642 4298 contione
664 4253 750 4298 demas
765 4253 795 4298 cle
818 4267 848 4297 su
861 4252 1001 4310 agredula
1009 4269 1029 4314 y
1045 4253 1120 4301 dulce
1133 4256 1208 4303 esti'lo
1222 4257 1326 4303 rtiuclias
1349 4274 1404 4306 serr·

178 4332 276 4382 tencr'as
291 4332 447 4394 filosofales:
459 4349 478 4394 y
492 4333 575 4380 avr'sos
585 4348 644 4393 muy
659 4333 809 4379 necessarios
817 4338 880 4392 para
892 4333 1034 4381 nmrrcebos:
1047 4336 1229 4383 ‚nostrandotes
1243 4337 1279 4384 los
1290 4344 1405 4399 eugenos

176 4422 228 4474 quo
243 4417 314 4460 estem
331 4413 480 4461 eucerrados
497 4413 524 4459 in
538 4412 676 4460 servz'entes
688 4430 708 4474 y
722 4411 873 4458 oleoductus
886 4427 908 4460 υ.

210 4497 245 4554 (2)
264 4491 304 4540 Ne
320 4507 410 4556 parvas
424 4492 558 4540 varietates
576 4505 688 4550 enotem,
714 4499 850 4556 postquam
875 4492 899 4539 in
915 4492 1026 4541 editione
1052 4510 1120 4542 anna
1143 4493 1208 4542 ntor
1226 4497 1326 4561 prolata
1348 4499 1406 4546 haec
1456 4482 1460 4490 Ι

178 4573 301 4623 Lucrecia
316 4571 380 4620 dixit
396 4571 491 4624 verba:
508 4587 522 4619 rr
539 4573 587 4632 No,
600 4573 697 4631 ser'ror»,
713 4587 762 4632 qne
784 4572 938 4619 dormiendo
958 4573 989 4620 ho
1004 4575 1089 4621 estado
1104 4591 1126 4633 n,
1142 4574 1178 4623 sic
1193 4576 1285 4625 eadem
1300 4579 1383 4643 pergit
1398 4594 1405 4630 :

176 4653 324 4712 «Emeda,
343 4653 454 4710 escuclra,
472 4669 540 4714 gran
565 4652 616 4699 mal
642 4667 668 4698 es
691 4657 771 4701 este»
793 4651 858 4715 Qua
884 4652 1025 4702 novissima
1041 4654 1121 4704 verba
1137 4655 1205 4704 circa
1231 4657 1405 4709 decedentem

176 4732 327 4786 vicesimum
350 4732 444 4781 Actum
459 4731 484 4780 in
495 4730 674 4798 posterioribus
690 4729 846 4780 editionibus
862 4731 989 4798 leguntur.
