<?xml version="1.0" encoding="UTF-8"?>
<!DOCTYPE html PUBLIC "-//W3C//DTD XHTML 1.0 Transitional//EN"
    "http://www.w3.org/TR/xhtml1/DTD/xhtml1-transitional.dtd">
<html xmlns="http://www.w3.org/1999/xhtml" xml:lang="en" lang="en">
 <head>
  <title>
</title>
<meta http-equiv="Content-Type" content="text/html;charset=utf-8" />
  <meta name='ocr-system' content='tesseract 3.04.00' />
  <meta name='ocr-capabilities' content='ocr_page ocr_carea ocr_par ocr_line ocrx_word'/>
</head>
<body>
  <div class='ocr_page' id='page_1' title='image "./quatenus00unkngoog_0059.png"; bbox 0 0 3475 5609; ppageno 0'>
   <div class='ocr_carea' id='block_1_1' title="bbox 806 542 1055 669">
    <p class='ocr_par' dir='ltr' id='par_1_1' title="bbox 806 542 1055 669">
     <span class='ocr_line' id='line_1_1' title="bbox 806 542 1055 669; baseline 0 -124"><span class='ocrx_word' id='word_1_1' title='bbox 806 542 1055 669; x_wconf 71' lang='lat' dir='ltr'>ſs-ss-</span> 
     </span>
    </p>
   </div>
   <div class='ocr_carea' id='block_1_2' title="bbox 265 742 1594 4892">
    <p class='ocr_par' dir='ltr' id='par_1_2' title="bbox 265 742 1594 4892">
     <span class='ocr_line' id='line_1_2' title="bbox 355 742 1579 849; baseline 0.005 -30"><span class='ocrx_word' id='word_1_2' title='bbox 355 742 478 821; x_wconf 88' lang='lat' dir='ltr'>vetula</span> <span class='ocrx_word' id='word_1_3' title='bbox 512 746 747 822; x_wconf 79' lang='lat' dir='ltr'>Cr&#39;stellarr&#39;oe</span> <span class='ocrx_word' id='word_1_4' title='bbox 785 752 951 833; x_wconf 82' lang='lat' dir='ltr'><strong>meretrix</strong></span> <span class='ocrx_word' id='word_1_5' title='bbox 985 760 1047 823; x_wconf 90' lang='lat' dir='ltr'>aut</span> <span class='ocrx_word' id='word_1_6' title='bbox 1084 748 1246 823; x_wconf 88' lang='lat' dir='ltr'>Plautini</span> <span class='ocrx_word' id='word_1_7' title='bbox 1285 752 1579 849; x_wconf 89' lang='lat' dir='ltr'>Terentianique</span> 
     </span>
     <span class='ocr_line' id='line_1_3' title="bbox 355 845 1579 963; baseline 0.003 -28"><span class='ocrx_word' id='word_1_8' title='bbox 355 864 506 937; x_wconf 90' lang='lat' dir='ltr'>lenones</span> <span class='ocrx_word' id='word_1_9' title='bbox 523 862 772 937; x_wconf 81' lang='lat' dir='ltr'>avidissimam</span> <span class='ocrx_word' id='word_1_10' title='bbox 805 891 843 937; x_wconf 91' lang='lat' dir='ltr'>se</span> <span class='ocrx_word' id='word_1_11' title='bbox 863 845 957 961; x_wconf 77' lang='lat' dir='ltr'>gerit</span> <span class='ocrx_word' id='word_1_12' title='bbox 976 898 983 954; x_wconf 90' lang='lat'><strong>;</strong></span> <span class='ocrx_word' id='word_1_13' title='bbox 1005 889 1132 938; x_wconf 89' lang='lat' dir='ltr'>aurum</span> <span class='ocrx_word' id='word_1_14' title='bbox 1159 878 1300 938; x_wconf 89' lang='lat' dir='ltr'>tantum</span> <span class='ocrx_word' id='word_1_15' title='bbox 1331 879 1487 963; x_wconf 88' lang='lat' dir='ltr'>spectat,</span> <span class='ocrx_word' id='word_1_16' title='bbox 1509 893 1579 939; x_wconf 90' lang='lat' dir='ltr'>nec</span> 
     </span>
     <span class='ocr_line' id='line_1_4' title="bbox 354 978 1579 1080; baseline 0.005 -29"><span class='ocrx_word' id='word_1_17' title='bbox 354 1006 435 1078; x_wconf 84' lang='lat' dir='ltr'>quae</span> <span class='ocrx_word' id='word_1_18' title='bbox 473 1004 602 1051; x_wconf 88' lang='lat' dir='ltr'>manus</span> <span class='ocrx_word' id='word_1_19' title='bbox 636 1005 761 1052; x_wconf 88' lang='lat' dir='ltr'>aurum</span> <span class='ocrx_word' id='word_1_20' title='bbox 803 978 954 1069; x_wconf 83' lang='lat' dir='ltr'>adierat,</span> <span class='ocrx_word' id='word_1_21' title='bbox 990 1006 1058 1053; x_wconf 87' lang='lat' dir='ltr'>nec</span> <span class='ocrx_word' id='word_1_22' title='bbox 1096 979 1158 1078; x_wconf 91' lang='lat' dir='ltr'>qui</span> <span class='ocrx_word' id='word_1_23' title='bbox 1194 980 1284 1053; x_wconf 86' lang='lat' dir='ltr'>fiant</span> <span class='ocrx_word' id='word_1_24' title='bbox 1330 981 1579 1080; x_wconf 83' lang='lat' dir='ltr'>imprudentes</span> 
     </span>
     <span class='ocr_line' id='line_1_5' title="bbox 353 1094 1576 1185; baseline 0.001 -15"><span class='ocrx_word' id='word_1_25' title='bbox 353 1099 453 1170; x_wconf 87' lang='lat' dir='ltr'>omni</span> <span class='ocrx_word' id='word_1_26' title='bbox 472 1095 519 1166; x_wconf 92' lang='lat' dir='ltr'>ab</span> <span class='ocrx_word' id='word_1_27' title='bbox 539 1122 580 1167; x_wconf 82' lang='lat' dir='ltr'>ea</span> <span class='ocrx_word' id='word_1_28' title='bbox 603 1121 638 1169; x_wconf 88' lang='lat' dir='ltr'>re</span> <span class='ocrx_word' id='word_1_29' title='bbox 666 1094 831 1167; x_wconf 73' lang='lat' dir='ltr'>nuntiari</span> <span class='ocrx_word' id='word_1_30' title='bbox 861 1100 959 1169; x_wconf 86' lang='lat' dir='ltr'>exuti</span> <span class='ocrx_word' id='word_1_31' title='bbox 973 1130 980 1185; x_wconf 92' lang='lat'>;</span> <span class='ocrx_word' id='word_1_32' title='bbox 1018 1095 1119 1170; x_wconf 91' lang='lat' dir='ltr'>nulla</span> <span class='ocrx_word' id='word_1_33' title='bbox 1148 1097 1395 1170; x_wconf 87' lang='lat' dir='ltr'>misericordia</span> <span class='ocrx_word' id='word_1_34' title='bbox 1415 1123 1576 1171; x_wconf 92' lang='lat' dir='ltr'>commo·</span> 
     </span>
     <span class='ocr_line' id='line_1_6' title="bbox 353 1210 1576 1312; baseline -0.001 -26"><span class='ocrx_word' id='word_1_35' title='bbox 353 1226 455 1286; x_wconf 87' lang='lat' dir='ltr'>vetur</span> <span class='ocrx_word' id='word_1_36' title='bbox 477 1211 698 1309; x_wconf 77' lang='lat' dir='ltr'>januamque</span> <span class='ocrx_word' id='word_1_37' title='bbox 732 1210 850 1284; x_wconf 87' lang='lat' dir='ltr'>habet·</span> <span class='ocrx_word' id='word_1_38' title='bbox 876 1215 993 1284; x_wconf 89' lang='lat' dir='ltr'>oranti</span> <span class='ocrx_word' id='word_1_39' title='bbox 1028 1211 1186 1297; x_wconf 88' lang='lat' dir='ltr'>surdam,</span> <span class='ocrx_word' id='word_1_40' title='bbox 1212 1212 1337 1286; x_wconf 90' lang='lat' dir='ltr'>lerenti</span> <span class='ocrx_word' id='word_1_41' title='bbox 1374 1228 1576 1312; x_wconf 84' lang='lat' dir='ltr'>patentem.</span> 
     </span>
     <span class='ocr_line' id='line_1_7' title="bbox 352 1326 1594 1428; baseline 0 -28"><span class='ocrx_word' id='word_1_42' title='bbox 352 1326 470 1400; x_wconf 89' lang='lat' dir='ltr'>Multa</span> <span class='ocrx_word' id='word_1_43' title='bbox 500 1348 620 1400; x_wconf 90' lang='lat' dir='ltr'>autem</span> <span class='ocrx_word' id='word_1_44' title='bbox 644 1354 726 1400; x_wconf 86' lang='lat' dir='ltr'>curn</span> <span class='ocrx_word' id='word_1_45' title='bbox 756 1327 824 1399; x_wconf 90' lang='lat' dir='ltr'>sibi</span> <span class='ocrx_word' id='word_1_46' title='bbox 852 1327 1038 1426; x_wconf 87' lang='lat' dir='ltr'>deposcat,</span> <span class='ocrx_word' id='word_1_47' title='bbox 1070 1354 1185 1427; x_wconf 91' lang='lat' dir='ltr'>pauca</span> <span class='ocrx_word' id='word_1_48' title='bbox 1222 1327 1367 1403; x_wconf 80' lang='lat' dir='ltr'>famulis</span> <span class='ocrx_word' id='word_1_49' title='bbox 1403 1328 1594 1428; x_wconf 66' lang='lat' dir='ltr'>permittit¹</span> 
     </span>
     <span class='ocr_line' id='line_1_8' title="bbox 353 1441 1577 1540; baseline -0.002 -23"><span class='ocrx_word' id='word_1_50' title='bbox 353 1469 443 1540; x_wconf 92' lang='lat' dir='ltr'>quos</span> <span class='ocrx_word' id='word_1_51' title='bbox 474 1442 638 1516; x_wconf 88' lang='lat' dir='ltr'>dolorum</span> <span class='ocrx_word' id='word_1_52' title='bbox 672 1441 855 1539; x_wconf 87' lang='lat' dir='ltr'>adjutores</span> <span class='ocrx_word' id='word_1_53' title='bbox 889 1442 1070 1531; x_wconf 85' lang='lat' dir='ltr'>adhibuit,</span> <span class='ocrx_word' id='word_1_54' title='bbox 1108 1470 1175 1516; x_wconf 88' lang='lat' dir='ltr'>nec</span> <span class='ocrx_word' id='word_1_55' title='bbox 1209 1459 1350 1517; x_wconf 85' lang='lat' dir='ltr'>tantum</span> <span class='ocrx_word' id='word_1_56' title='bbox 1384 1444 1431 1519; x_wconf 91' lang='lat' dir='ltr'>ad</span> <span class='ocrx_word' id='word_1_57' title='bbox 1463 1448 1577 1519; x_wconf 88' lang='lat' dir='ltr'>vitam</span> 
     </span>
     <span class='ocr_line' id='line_1_9' title="bbox 351 1559 1574 1657; baseline 0 -25"><span class='ocrx_word' id='word_1_58' title='bbox 351 1573 526 1657; x_wconf 90' lang='lat' dir='ltr'>quantum</span> <span class='ocrx_word' id='word_1_59' title='bbox 567 1559 613 1630; x_wconf 93' lang='lat' dir='ltr'>ad</span> <span class='ocrx_word' id='word_1_60' title='bbox 647 1560 836 1631; x_wconf 90' lang='lat' dir='ltr'>avaritiam</span> <span class='ocrx_word' id='word_1_61' title='bbox 858 1559 1110 1631; x_wconf 90' lang='lat' dir='ltr'>sustinendam</span> <span class='ocrx_word' id='word_1_62' title='bbox 1138 1573 1215 1633; x_wconf 89' lang='lat' dir='ltr'>toto</span> <span class='ocrx_word' id='word_1_63' title='bbox 1234 1560 1360 1632; x_wconf 86' lang='lat' dir='ltr'>animo</span> <span class='ocrx_word' id='word_1_64' title='bbox 1378 1560 1574 1633; x_wconf 89' lang='lat' dir='ltr'>incumbit.</span> 
     </span>
     <span class='ocr_line' id='line_1_10' title="bbox 352 1673 1577 1771; baseline 0 -24"><span class='ocrx_word' id='word_1_65' title='bbox 352 1674 465 1747; x_wconf 89' lang='lat' dir='ltr'>Suam</span> <span class='ocrx_word' id='word_1_66' title='bbox 482 1700 565 1747; x_wconf 91' lang='lat' dir='ltr'>vero</span> <span class='ocrx_word' id='word_1_67' title='bbox 581 1678 656 1745; x_wconf 87' lang='lat' dir='ltr'>auri</span> <span class='ocrx_word' id='word_1_68' title='bbox 679 1673 810 1745; x_wconf 90' lang='lat' dir='ltr'>lamem</span> <span class='ocrx_word' id='word_1_69' title='bbox 832 1688 869 1746; x_wconf 91' lang='lat' dir='ltr'>ut</span> <span class='ocrx_word' id='word_1_70' title='bbox 884 1674 1028 1771; x_wconf 91' lang='lat' dir='ltr'>expleat</span> <span class='ocrx_word' id='word_1_71' title='bbox 1050 1674 1231 1747; x_wconf 89' lang='lat' dir='ltr'>machinis</span> <span class='ocrx_word' id='word_1_72' title='bbox 1241 1690 1276 1747; x_wconf 94' lang='lat' dir='ltr'>et</span> <span class='ocrx_word' id='word_1_73' title='bbox 1290 1680 1577 1748; x_wconf 82' lang='lat' dir='ltr'>incantamentis</span> 
     </span>
     <span class='ocr_line' id='line_1_11' title="bbox 350 1788 1578 1888; baseline -0.001 -25"><span class='ocrx_word' id='word_1_74' title='bbox 350 1794 462 1863; x_wconf 91' lang='lat' dir='ltr'>utitur</span> <span class='ocrx_word' id='word_1_75' title='bbox 495 1794 531 1861; x_wconf 93' lang='lat' dir='ltr'>in</span> <span class='ocrx_word' id='word_1_76' title='bbox 571 1788 703 1887; x_wconf 89' lang='lat' dir='ltr'>quibus</span> <span class='ocrx_word' id='word_1_77' title='bbox 738 1788 916 1862; x_wconf 80' lang='lat' dir='ltr'>Acanthis</span> <span class='ocrx_word' id='word_1_78' title='bbox 947 1804 983 1863; x_wconf 91' lang='lat' dir='ltr'>et</span> <span class='ocrx_word' id='word_1_79' title='bbox 1005 1792 1121 1886; x_wconf 92' lang='lat' dir='ltr'>Dipsa</span> <span class='ocrx_word' id='word_1_80' title='bbox 1152 1789 1249 1887; x_wconf 90' lang='lat' dir='ltr'>apud</span> <span class='ocrx_word' id='word_1_81' title='bbox 1284 1791 1510 1888; x_wconf 82' lang='lat' dir='ltr'>Propertium</span> <span class='ocrx_word' id='word_1_82' title='bbox 1540 1801 1578 1863; x_wconf 91' lang='lat' dir='ltr'>et</span> 
     </span>
     <span class='ocr_line' id='line_1_12' title="bbox 352 1903 1577 2007; baseline -0.002 -25"><span class='ocrx_word' id='word_1_83' title='bbox 352 1903 525 1982; x_wconf 90' lang='lat' dir='ltr'>Ovidium</span> <span class='ocrx_word' id='word_1_84' title='bbox 544 1903 791 1992; x_wconf 81' lang='lat' dir='ltr'>versabantur,</span> <span class='ocrx_word' id='word_1_85' title='bbox 803 1999 807 2007; x_wconf 31' lang='grc' dir='ltr'>Ι</span> <span class='ocrx_word' id='word_1_86' title='bbox 819 1930 886 1977; x_wconf 90' lang='lat' dir='ltr'>nec</span> <span class='ocrx_word' id='word_1_87' title='bbox 901 1931 989 2005; x_wconf 16' lang='lat' dir='ltr'>‘non</span> <span class='ocrx_word' id='word_1_88' title='bbox 1004 1919 1040 1978; x_wconf 89' lang='lat' dir='ltr'>et</span> <span class='ocrx_word' id='word_1_89' title='bbox 1053 1920 1059 1933; x_wconf 85' lang='lat'>’</span> <span class='ocrx_word' id='word_1_90' title='bbox 1071 1908 1150 2003; x_wconf 90' lang='lat' dir='ltr'>ipsa</span> <span class='ocrx_word' id='word_1_91' title='bbox 1168 1903 1296 1978; x_wconf 88' lang='lat' dir='ltr'>eadem</span> <span class='ocrx_word' id='word_1_92' title='bbox 1318 1908 1577 2007; x_wconf 19' lang='lat' dir='ltr'>superstit-ione</span> 
     </span>
     <span class='ocr_line' id='line_1_13' title="bbox 350 2006 1577 2119; baseline -0.002 -24"><span class='ocrx_word' id='word_1_93' title='bbox 350 2019 545 2117; x_wconf 89' lang='lat' dir='ltr'>obligatur.</span> <span class='ocrx_word' id='word_1_94' title='bbox 577 2020 709 2117; x_wconf 82' lang='lat' dir='ltr'>Magas</span> <span class='ocrx_word' id='word_1_95' title='bbox 746 2023 844 2093; x_wconf 89' lang='lat' dir='ltr'>enim</span> <span class='ocrx_word' id='word_1_96' title='bbox 878 2036 973 2093; x_wconf 86' lang='lat' dir='ltr'>artes</span> <span class='ocrx_word' id='word_1_97' title='bbox 1006 2046 1133 2119; x_wconf 86' lang='lat' dir='ltr'>aeaque</span> <span class='ocrx_word' id='word_1_98' title='bbox 1166 2006 1331 2102; x_wconf 83' lang='lat' dir='ltr'>carmina</span> <span class='ocrx_word' id='word_1_99' title='bbox 1373 2019 1474 2094; x_wconf 93' lang='lat' dir='ltr'>novit</span> <span class='ocrx_word' id='word_1_100' title='bbox 1509 2046 1577 2092; x_wconf 92' lang='lat' dir='ltr'>nec</span> 
     </span>
     <span class='ocr_line' id='line_1_14' title="bbox 350 2136 1578 2235; baseline -0.002 -25"><span class='ocrx_word' id='word_1_101' title='bbox 350 2162 512 2235; x_wconf 93' lang='lat' dir='ltr'>unquam</span> <span class='ocrx_word' id='word_1_102' title='bbox 532 2136 773 2233; x_wconf 90' lang='lat' dir='ltr'>periculosam</span> <span class='ocrx_word' id='word_1_103' title='bbox 790 2160 863 2209; x_wconf 91' lang='lat' dir='ltr'>rem</span> <span class='ocrx_word' id='word_1_104' title='bbox 885 2136 1093 2234; x_wconf 85' lang='lat' dir='ltr'>aggreditur</span> <span class='ocrx_word' id='word_1_105' title='bbox 1127 2140 1216 2235; x_wconf 90' lang='lat' dir='ltr'>quin</span> <span class='ocrx_word' id='word_1_106' title='bbox 1231 2136 1426 2213; x_wconf 89' lang='lat' dir='ltr'>Plutonem</span> <span class='ocrx_word' id='word_1_107' title='bbox 1446 2149 1578 2210; x_wconf 87' lang='lat' dir='ltr'>evocet</span> 
     </span>
     <span class='ocr_line' id='line_1_15' title="bbox 348 2250 1574 2351; baseline -0.003 -24"><span class='ocrx_word' id='word_1_108' title='bbox 348 2265 411 2327; x_wconf 87' lang='lat' dir='ltr'>aut</span> <span class='ocrx_word' id='word_1_109' title='bbox 443 2256 595 2349; x_wconf 86' lang='lat' dir='ltr'>auguria</span> <span class='ocrx_word' id='word_1_110' title='bbox 625 2250 777 2323; x_wconf 75' lang='lat' dir='ltr'>habeat,</span> <span class='ocrx_word' id='word_1_111' title='bbox 820 2250 912 2344; x_wconf 84' lang='lat' dir='ltr'>Quae</span> <span class='ocrx_word' id='word_1_112' title='bbox 940 2277 1025 2326; x_wconf 90' lang='lat' dir='ltr'>vero</span> <span class='ocrx_word' id='word_1_113' title='bbox 1057 2256 1183 2326; x_wconf 89' lang='lat' dir='ltr'>omnia</span> <span class='ocrx_word' id='word_1_114' title='bbox 1203 2277 1283 2348; x_wconf 83' lang='lat' dir='ltr'>quae</span> <span class='ocrx_word' id='word_1_115' title='bbox 1315 2251 1574 2351; x_wconf 81' lang='lat' dir='ltr'>antiquitatem</span> 
     </span>
     <span class='ocr_line' id='line_1_16' title="bbox 344 2364 1569 2443; baseline -0.004 0"><span class='ocrx_word' id='word_1_116' title='bbox 344 2367 510 2443; x_wconf 90' lang='lat' dir='ltr'>redolent</span> <span class='ocrx_word' id='word_1_117' title='bbox 540 2370 643 2440; x_wconf 85' lang='lat' dir='ltr'>novis</span> <span class='ocrx_word' id='word_1_118' title='bbox 673 2364 855 2439; x_wconf 89' lang='lat' dir='ltr'>coloribus</span> <span class='ocrx_word' id='word_1_119' title='bbox 886 2392 908 2439; x_wconf 90' lang='lat' dir='ltr'>a</span> <span class='ocrx_word' id='word_1_120' title='bbox 938 2367 1131 2440; x_wconf 85' lang='lat' dir='ltr'>Fernando</span> <span class='ocrx_word' id='word_1_121' title='bbox 1169 2379 1294 2441; x_wconf 89' lang='lat' dir='ltr'>nostro</span> <span class='ocrx_word' id='word_1_122' title='bbox 1326 2367 1569 2441; x_wconf 85' lang='lat' dir='ltr'>illustrantur.</span> 
     </span>
     <span class='ocr_line' id='line_1_17' title="bbox 348 2481 1574 2580; baseline -0.002 -23"><span class='ocrx_word' id='word_1_123' title='bbox 348 2485 465 2557; x_wconf 84' lang='lat' dir='ltr'>Suum</span> <span class='ocrx_word' id='word_1_124' title='bbox 487 2482 674 2557; x_wconf 90' lang='lat' dir='ltr'>Celestina</span> <span class='ocrx_word' id='word_1_125' title='bbox 709 2482 854 2554; x_wconf 89' lang='lat' dir='ltr'>vivendi</span> <span class='ocrx_word' id='word_1_126' title='bbox 887 2509 1004 2580; x_wconf 78' lang='lat' dir='ltr'>genus</span> <span class='ocrx_word' id='word_1_127' title='bbox 1036 2482 1135 2556; x_wconf 90' lang='lat' dir='ltr'>haud</span> <span class='ocrx_word' id='word_1_128' title='bbox 1169 2486 1311 2556; x_wconf 90' lang='lat' dir='ltr'>invenit</span> <span class='ocrx_word' id='word_1_129' title='bbox 1340 2481 1404 2556; x_wconf 90' lang='lat' dir='ltr'>sed</span> <span class='ocrx_word' id='word_1_130' title='bbox 1428 2484 1574 2580; x_wconf 91' lang='lat' dir='ltr'>proprio</span> 
     </span>
     <span class='ocr_line' id='line_1_18' title="bbox 285 2598 1575 2700; baseline -0.002 -30"><span class='ocrx_word' id='word_1_131' title='bbox 285 2604 289 2619; x_wconf 93' lang='lat'>&#39;</span> <span class='ocrx_word' id='word_1_132' title='bbox 349 2598 458 2672; x_wconf 93' lang='lat' dir='ltr'>modo</span> <span class='ocrx_word' id='word_1_133' title='bbox 474 2612 615 2671; x_wconf 86' lang='lat' dir='ltr'>exercet</span> <span class='ocrx_word' id='word_1_134' title='bbox 630 2622 732 2669; x_wconf 90' lang='lat' dir='ltr'>neca</span> <span class='ocrx_word' id='word_1_135' title='bbox 748 2598 979 2670; x_wconf 78' lang='lat' dir='ltr'>Parmenone</span> <span class='ocrx_word' id='word_1_136' title='bbox 996 2628 1015 2667; x_wconf 70' lang='lat' dir='ltr'>&lt;r</span> <span class='ocrx_word' id='word_1_137' title='bbox 1031 2598 1338 2700; x_wconf 69' lang='lat' dir='ltr'>Treta-conventos</span> <span class='ocrx_word' id='word_1_138' title='bbox 1357 2628 1376 2667; x_wconf 75' lang='lat'>=›</span> <span class='ocrx_word' id='word_1_139' title='bbox 1393 2599 1575 2671; x_wconf 90' lang='lat' dir='ltr'>immerito</span> 
     </span>
     <span class='ocr_line' id='line_1_19' title="bbox 346 2712 1572 2811; baseline -0.003 -23"><span class='ocrx_word' id='word_1_140' title='bbox 346 2728 505 2789; x_wconf 90' lang='lat' dir='ltr'>vocatur.</span> <span class='ocrx_word' id='word_1_141' title='bbox 539 2714 785 2807; x_wconf 82' lang='lat' dir='ltr'>Hispanorum</span> <span class='ocrx_word' id='word_1_142' title='bbox 814 2717 926 2799; x_wconf 88' lang='lat' dir='ltr'>enim,</span> <span class='ocrx_word' id='word_1_143' title='bbox 960 2727 999 2788; x_wconf 93' lang='lat' dir='ltr'>ut</span> <span class='ocrx_word' id='word_1_144' title='bbox 1028 2713 1152 2788; x_wconf 89' lang='lat' dir='ltr'>vetula</span> <span class='ocrx_word' id='word_1_145' title='bbox 1166 2714 1229 2787; x_wconf 92' lang='lat' dir='ltr'>illa</span> <span class='ocrx_word' id='word_1_146' title='bbox 1245 2739 1355 2811; x_wconf 89' lang='lat' dir='ltr'>quam</span> <span class='ocrx_word' id='word_1_147' title='bbox 1376 2712 1424 2786; x_wconf 90' lang='lat' dir='ltr'>ab</span> <span class='ocrx_word' id='word_1_148' title='bbox 1453 2712 1572 2786; x_wconf 92' lang='lat' dir='ltr'>archi·</span> 
     </span>
     <span class='ocr_line' id='line_1_20' title="bbox 347 2828 1574 2929; baseline 0.001 -27"><span class='ocrx_word' id='word_1_149' title='bbox 347 2829 556 2929; x_wconf 90' lang='lat' dir='ltr'>presbytero</span> <span class='ocrx_word' id='word_1_150' title='bbox 588 2830 632 2901; x_wconf 87' lang='lat' dir='ltr'>de</span> <span class='ocrx_word' id='word_1_151' title='bbox 664 2828 761 2902; x_wconf 78' lang='lat' dir='ltr'>Hira</span> <span class='ocrx_word' id='word_1_152' title='bbox 789 2828 862 2927; x_wconf 86' lang='lat' dir='ltr'>jam</span> <span class='ocrx_word' id='word_1_153' title='bbox 903 2828 1091 2904; x_wconf 88' lang='lat' dir='ltr'>inductam</span> <span class='ocrx_word' id='word_1_154' title='bbox 1125 2830 1293 2916; x_wconf 79' lang='lat' dir='ltr'>vidimuS,</span> <span class='ocrx_word' id='word_1_155' title='bbox 1333 2828 1495 2902; x_wconf 88' lang='lat' dir='ltr'>moribus</span> <span class='ocrx_word' id='word_1_156' title='bbox 1537 2842 1574 2903; x_wconf 86' lang='lat' dir='ltr'>et</span> 
     </span>
     <span class='ocr_line' id='line_1_21' title="bbox 349 2944 1573 3041; baseline -0.002 -22"><span class='ocrx_word' id='word_1_157' title='bbox 349 2945 480 3022; x_wconf 88' lang='lat' dir='ltr'>studiis</span> <span class='ocrx_word' id='word_1_158' title='bbox 499 2960 612 3019; x_wconf 89' lang='lat' dir='ltr'>artem</span> <span class='ocrx_word' id='word_1_159' title='bbox 629 2970 732 3017; x_wconf 90' lang='lat' dir='ltr'>suam</span> <span class='ocrx_word' id='word_1_160' title='bbox 764 2949 812 3018; x_wconf 85' lang='lat' dir='ltr'>ita</span> <span class='ocrx_word' id='word_1_161' title='bbox 847 2944 1138 3019; x_wconf 89' lang='lat' dir='ltr'>accommodavit</span> <span class='ocrx_word' id='word_1_162' title='bbox 1166 2960 1205 3018; x_wconf 92' lang='lat' dir='ltr'>ut</span> <span class='ocrx_word' id='word_1_163' title='bbox 1234 2972 1316 3019; x_wconf 92' lang='lat' dir='ltr'>eam</span> <span class='ocrx_word' id='word_1_164' title='bbox 1347 2944 1445 3018; x_wconf 92' lang='lat' dir='ltr'>haud</span> <span class='ocrx_word' id='word_1_165' title='bbox 1473 2946 1573 3041; x_wconf 90' lang='lat' dir='ltr'>parvi</span> 
     </span>
     <span class='ocr_line' id='line_1_22' title="bbox 349 3059 1580 3159; baseline -0.002 -23"><span class='ocrx_word' id='word_1_166' title='bbox 349 3059 555 3136; x_wconf 77' lang='lat' dir='ltr'>faciendam</span> <span class='ocrx_word' id='word_1_167' title='bbox 577 3059 758 3159; x_wconf 81' lang='lat' dir='ltr'>praedicet.</span> <span class='ocrx_word' id='word_1_168' title='bbox 783 3061 915 3134; x_wconf 88' lang='lat' dir='ltr'>Nonne</span> <span class='ocrx_word' id='word_1_169' title='bbox 936 3062 982 3134; x_wconf 91' lang='lat' dir='ltr'>ad</span> <span class='ocrx_word' id='word_1_170' title='bbox 1000 3060 1160 3134; x_wconf 89' lang='lat' dir='ltr'>molestis</span> <span class='ocrx_word' id='word_1_171' title='bbox 1189 3061 1376 3134; x_wconf 91' lang='lat' dir='ltr'>doloribus</span> <span class='ocrx_word' id='word_1_172' title='bbox 1403 3064 1580 3158; x_wconf 86' lang='lat' dir='ltr'>agitatos</span> 
     </span>
     <span class='ocr_line' id='line_1_23' title="bbox 350 3175 1576 3251; baseline -0.002 -2"><span class='ocrx_word' id='word_1_173' title='bbox 350 3177 517 3251; x_wconf 77' lang='lat' dir='ltr'>homines</span> <span class='ocrx_word' id='word_1_174' title='bbox 536 3177 714 3250; x_wconf 90' lang='lat' dir='ltr'>levandos</span> <span class='ocrx_word' id='word_1_175' title='bbox 742 3191 778 3250; x_wconf 89' lang='lat' dir='ltr'>et</span> <span class='ocrx_word' id='word_1_176' title='bbox 808 3176 1046 3250; x_wconf 90' lang='lat' dir='ltr'>delectandos</span> <span class='ocrx_word' id='word_1_177' title='bbox 1067 3203 1194 3250; x_wconf 91' lang='lat' dir='ltr'>omnes</span> <span class='ocrx_word' id='word_1_178' title='bbox 1227 3203 1355 3250; x_wconf 92' lang='lat' dir='ltr'>nervos</span> <span class='ocrx_word' id='word_1_179' title='bbox 1390 3175 1576 3248; x_wconf 74' lang='lat' dir='ltr'>intendit?</span> 
     </span>
     <span class='ocr_line' id='line_1_24' title="bbox 350 3292 1573 3392; baseline -0.002 -25"><span class='ocrx_word' id='word_1_180' title='bbox 350 3293 435 3386; x_wconf 81' lang='lat' dir='ltr'>Quo</span> <span class='ocrx_word' id='word_1_181' title='bbox 465 3297 547 3392; x_wconf 91' lang='lat' dir='ltr'>quis</span> <span class='ocrx_word' id='word_1_182' title='bbox 582 3317 729 3365; x_wconf 85' lang='lat' dir='ltr'>munere</span> <span class='ocrx_word' id='word_1_183' title='bbox 763 3292 906 3365; x_wconf 89' lang='lat' dir='ltr'>utiliore</span> <span class='ocrx_word' id='word_1_184' title='bbox 939 3308 975 3365; x_wconf 87' lang='lat' dir='ltr'>et</span> <span class='ocrx_word' id='word_1_185' title='bbox 1004 3292 1219 3366; x_wconf 88' lang='lat' dir='ltr'>humaniore</span> <span class='ocrx_word' id='word_1_186' title='bbox 1257 3292 1445 3389; x_wconf 83' lang='lat' dir='ltr'>lungitur?</span> <span class='ocrx_word' id='word_1_187' title='bbox 1478 3292 1573 3385; x_wconf 85' lang='lat' dir='ltr'>Quis</span> 
     </span>
     <span class='ocr_line' id='line_1_25' title="bbox 347 3403 1574 3505; baseline -0.002 -24"><span class='ocrx_word' id='word_1_188' title='bbox 347 3407 536 3482; x_wconf 91' lang='lat' dir='ltr'>clientium</span> <span class='ocrx_word' id='word_1_189' title='bbox 566 3412 808 3505; x_wconf 89' lang='lat' dir='ltr'>patrocinium</span> <span class='ocrx_word' id='word_1_190' title='bbox 833 3408 1000 3480; x_wconf 84' lang='lat' dir='ltr'>callidius</span> <span class='ocrx_word' id='word_1_191' title='bbox 1022 3424 1057 3481; x_wconf 91' lang='lat' dir='ltr'>et</span> <span class='ocrx_word' id='word_1_192' title='bbox 1084 3408 1225 3481; x_wconf 79' lang='lat' dir='ltr'>felicius</span> <span class='ocrx_word' id='word_1_193' title='bbox 1253 3410 1432 3505; x_wconf 83' lang='lat' dir='ltr'>usurpat?</span> <span class='ocrx_word' id='word_1_194' title='bbox 1459 3407 1507 3479; x_wconf 94' lang='lat' dir='ltr'>Ut</span> <span class='ocrx_word' id='word_1_195' title='bbox 1527 3403 1574 3478; x_wconf 92' lang='lat' dir='ltr'>ad</span> 
     </span>
     <span class='ocr_line' id='line_1_26' title="bbox 348 3523 1575 3621; baseline -0.002 -25"><span class='ocrx_word' id='word_1_196' title='bbox 348 3528 525 3621; x_wconf 89' lang='lat' dir='ltr'>optimum</span> <span class='ocrx_word' id='word_1_197' title='bbox 546 3537 723 3596; x_wconf 89' lang='lat' dir='ltr'>oratorem</span> <span class='ocrx_word' id='word_1_198' title='bbox 755 3528 817 3611; x_wconf 91' lang='lat' dir='ltr'>rei,</span> <span class='ocrx_word' id='word_1_199' title='bbox 841 3527 895 3595; x_wconf 91' lang='lat' dir='ltr'>sic</span> <span class='ocrx_word' id='word_1_200' title='bbox 929 3523 975 3595; x_wconf 89' lang='lat' dir='ltr'>ad</span> <span class='ocrx_word' id='word_1_201' title='bbox 997 3524 1222 3597; x_wconf 87' lang='lat' dir='ltr'>Celestinam</span> <span class='ocrx_word' id='word_1_202' title='bbox 1252 3537 1420 3595; x_wconf 89' lang='lat' dir='ltr'>amantes</span> <span class='ocrx_word' id='word_1_203' title='bbox 1452 3523 1575 3595; x_wconf 90' lang='lat' dir='ltr'>decur-</span> 
     </span>
     <span class='ocr_line' id='line_1_27' title="bbox 348 3635 1574 3733; baseline -0.002 -21"><span class='ocrx_word' id='word_1_204' title='bbox 348 3652 443 3713; x_wconf 89' lang='lat' dir='ltr'>runt.</span> <span class='ocrx_word' id='word_1_205' title='bbox 468 3637 612 3732; x_wconf 84' lang='lat' dir='ltr'>Quibus</span> <span class='ocrx_word' id='word_1_206' title='bbox 634 3665 715 3711; x_wconf 91' lang='lat' dir='ltr'>cum</span> <span class='ocrx_word' id='word_1_207' title='bbox 738 3637 891 3711; x_wconf 87' lang='lat' dir='ltr'>fideliter</span> <span class='ocrx_word' id='word_1_208' title='bbox 921 3665 988 3711; x_wconf 92' lang='lat' dir='ltr'>nec</span> <span class='ocrx_word' id='word_1_209' title='bbox 1007 3643 1088 3711; x_wconf 92' lang='lat' dir='ltr'>sine</span> <span class='ocrx_word' id='word_1_210' title='bbox 1115 3664 1181 3711; x_wconf 91' lang='lat' dir='ltr'>suo</span> <span class='ocrx_word' id='word_1_211' title='bbox 1202 3637 1383 3710; x_wconf 93' lang='lat' dir='ltr'>interdum</span> <span class='ocrx_word' id='word_1_212' title='bbox 1412 3635 1574 3733; x_wconf 90' lang='lat' dir='ltr'>periculo</span> 
     </span>
     <span class='ocr_line' id='line_1_28' title="bbox 349 3749 1574 3853; baseline -0.002 -28"><span class='ocrx_word' id='word_1_213' title='bbox 349 3759 533 3843; x_wconf 89' lang='lat' dir='ltr'>inserviat,</span> <span class='ocrx_word' id='word_1_214' title='bbox 559 3756 646 3853; x_wconf 94' lang='lat' dir='ltr'>quid</span> <span class='ocrx_word' id='word_1_215' title='bbox 675 3758 758 3853; x_wconf 91' lang='lat' dir='ltr'>quis</span> <span class='ocrx_word' id='word_1_216' title='bbox 782 3758 814 3827; x_wconf 92' lang='lat' dir='ltr'>ei</span> <span class='ocrx_word' id='word_1_217' title='bbox 836 3749 1266 3852; x_wconf 74' lang='lat' dir='ltr'>objiciatlTranquilla</span> <span class='ocrx_word' id='word_1_218' title='bbox 1286 3777 1373 3849; x_wconf 88' lang='lat' dir='ltr'>ergo</span> <span class='ocrx_word' id='word_1_219' title='bbox 1392 3767 1427 3825; x_wconf 91' lang='lat' dir='ltr'>et</span> <span class='ocrx_word' id='word_1_220' title='bbox 1449 3755 1574 3850; x_wconf 87' lang='lat' dir='ltr'>quieta</span> 
     </span>
     <span class='ocr_line' id='line_1_29' title="bbox 347 3868 1572 3968; baseline -0.005 -23"><span class='ocrx_word' id='word_1_221' title='bbox 347 3869 521 3945; x_wconf 87' lang='lat' dir='ltr'>ecclesias</span> <span class='ocrx_word' id='word_1_222' title='bbox 554 3869 753 3968; x_wconf 86' lang='lat' dir='ltr'>ingreditur</span> <span class='ocrx_word' id='word_1_223' title='bbox 785 3885 820 3943; x_wconf 93' lang='lat' dir='ltr'>et</span> <span class='ocrx_word' id='word_1_224' title='bbox 854 3896 978 3967; x_wconf 89' lang='lat' dir='ltr'>preces</span> <span class='ocrx_word' id='word_1_225' title='bbox 1013 3872 1189 3955; x_wconf 90' lang='lat' dir='ltr'>mussitat,</span> <span class='ocrx_word' id='word_1_226' title='bbox 1233 3894 1301 3942; x_wconf 92' lang='lat' dir='ltr'>nec</span> <span class='ocrx_word' id='word_1_227' title='bbox 1338 3868 1386 3939; x_wconf 89' lang='lat' dir='ltr'>ab</span> <span class='ocrx_word' id='word_1_228' title='bbox 1427 3880 1572 3941; x_wconf 85' lang='lat' dir='ltr'>aeteruae</span> 
     </span>
     <span class='ocr_line' id='line_1_30' title="bbox 348 3984 1572 4082; baseline -0.003 -25"><span class='ocrx_word' id='word_1_229' title='bbox 348 3984 475 4059; x_wconf 88' lang='lat' dir='ltr'>salutis</span> <span class='ocrx_word' id='word_1_230' title='bbox 495 4010 557 4081; x_wconf 93' lang='lat' dir='ltr'>spe</span> <span class='ocrx_word' id='word_1_231' title='bbox 576 3990 740 4059; x_wconf 90' lang='lat' dir='ltr'>animum</span> <span class='ocrx_word' id='word_1_232' title='bbox 767 4000 924 4059; x_wconf 92' lang='lat' dir='ltr'>removet</span> <span class='ocrx_word' id='word_1_233' title='bbox 952 3998 1076 4082; x_wconf 91' lang='lat' dir='ltr'>utpote</span> <span class='ocrx_word' id='word_1_234' title='bbox 1115 4011 1196 4082; x_wconf 80' lang='lat' dir='ltr'>quae</span> <span class='ocrx_word' id='word_1_235' title='bbox 1225 3984 1415 4058; x_wconf 91' lang='lat' dir='ltr'>hominum</span> <span class='ocrx_word' id='word_1_236' title='bbox 1443 3984 1572 4079; x_wconf 92' lang='lat' dir='ltr'>nequi-</span> 
     </span>
     <span class='ocr_line' id='line_1_31' title="bbox 347 4096 1574 4197; baseline -0.004 -26"><span class='ocrx_word' id='word_1_237' title='bbox 347 4103 433 4171; x_wconf 88' lang='lat' dir='ltr'>tiam</span> <span class='ocrx_word' id='word_1_238' title='bbox 468 4102 666 4197; x_wconf 80' lang='lat' dir='ltr'>saepissime</span> <span class='ocrx_word' id='word_1_239' title='bbox 700 4114 849 4196; x_wconf 88' lang='lat' dir='ltr'>experta</span> <span class='ocrx_word' id='word_1_240' title='bbox 886 4105 945 4186; x_wconf 93' lang='lat' dir='ltr'>sit,</span> <span class='ocrx_word' id='word_1_241' title='bbox 979 4103 1060 4173; x_wconf 90' lang='lat' dir='ltr'>Deo</span> <span class='ocrx_word' id='word_1_242' title='bbox 1093 4115 1213 4173; x_wconf 89' lang='lat' dir='ltr'>autem</span> <span class='ocrx_word' id='word_1_243' title='bbox 1244 4103 1324 4172; x_wconf 83' lang='lat' dir='ltr'>sine</span> <span class='ocrx_word' id='word_1_244' title='bbox 1362 4098 1437 4170; x_wconf 91' lang='lat' dir='ltr'>ulla</span> <span class='ocrx_word' id='word_1_245' title='bbox 1467 4096 1574 4168; x_wconf 88' lang='lat' dir='ltr'>inter-</span> 
     </span>
     <span class='ocr_line' id='line_1_32' title="bbox 347 4214 1489 4318; baseline 0.002 -32"><span class='ocrx_word' id='word_1_246' title='bbox 347 4214 521 4289; x_wconf 89' lang='lat' dir='ltr'>missione</span> <span class='ocrx_word' id='word_1_247' title='bbox 537 4215 861 4313; x_wconf 85' lang='lat' dir='ltr'>diligentissimum</span> <span class='ocrx_word' id='word_1_248' title='bbox 877 4216 1014 4290; x_wconf 89' lang='lat' dir='ltr'>cultum</span> <span class='ocrx_word' id='word_1_249' title='bbox 1030 4214 1251 4289; x_wconf 90' lang='lat' dir='ltr'>adhibuerit.</span> <span class='ocrx_word' id='word_1_250' title='bbox 1486 4313 1489 4318; x_wconf 22' lang='grc' dir='ltr'>Ι</span> 
     </span>
     <span class='ocr_line' id='line_1_33' title="bbox 395 4313 1574 4427; baseline -0.007 -23"><span class='ocrx_word' id='word_1_251' title='bbox 395 4313 487 4404; x_wconf 77' lang='lat' dir='ltr'>Haec</span> <span class='ocrx_word' id='word_1_252' title='bbox 503 4345 558 4404; x_wconf 90' lang='lat' dir='ltr'>est</span> <span class='ocrx_word' id='word_1_253' title='bbox 577 4357 689 4404; x_wconf 88' lang='lat' dir='ltr'>causa</span> <span class='ocrx_word' id='word_1_254' title='bbox 709 4357 772 4405; x_wconf 90' lang='lat' dir='ltr'>cur</span> <span class='ocrx_word' id='word_1_255' title='bbox 801 4332 997 4406; x_wconf 85' lang='lat' dir='ltr'>Celestinae</span> <span class='ocrx_word' id='word_1_256' title='bbox 1024 4331 1111 4403; x_wconf 84' lang='lat' dir='ltr'>nihil</span> <span class='ocrx_word' id='word_1_257' title='bbox 1139 4329 1278 4403; x_wconf 87' lang='lat' dir='ltr'>obstitit</span> <span class='ocrx_word' id='word_1_258' title='bbox 1303 4325 1393 4427; x_wconf 86' lang='lat' dir='ltr'>quin</span> <span class='ocrx_word' id='word_1_259' title='bbox 1425 4329 1574 4399; x_wconf 89' lang='lat' dir='ltr'>astutis-</span> 
     </span>
     <span class='ocr_line' id='line_1_34' title="bbox 290 4443 1571 4544; baseline -0.006 -25"><span class='ocrx_word' id='word_1_260' title='bbox 290 4528 295 4544; x_wconf 34' lang='grc' dir='ltr'><strong><em>Ι</em></strong></span> <span class='ocrx_word' id='word_1_261' title='bbox 346 4447 438 4519; x_wconf 89' lang='lat' dir='ltr'>sima</span> <span class='ocrx_word' id='word_1_262' title='bbox 457 4460 493 4519; x_wconf 92' lang='lat' dir='ltr'>et</span> <span class='ocrx_word' id='word_1_263' title='bbox 510 4446 747 4520; x_wconf 88' lang='lat' dir='ltr'>solertissima</span> <span class='ocrx_word' id='word_1_264' title='bbox 779 4448 942 4521; x_wconf 90' lang='lat' dir='ltr'>lenarum</span> <span class='ocrx_word' id='word_1_265' title='bbox 973 4448 1088 4519; x_wconf 87' lang='lat' dir='ltr'>lieret.</span> <span class='ocrx_word' id='word_1_266' title='bbox 1126 4448 1297 4519; x_wconf 89' lang='lat' dir='ltr'>Diversas</span> <span class='ocrx_word' id='word_1_267' title='bbox 1319 4443 1417 4517; x_wconf 92' lang='lat' dir='ltr'>enim</span> <span class='ocrx_word' id='word_1_268' title='bbox 1445 4466 1571 4514; x_wconf 87' lang='lat' dir='ltr'>aman-</span> 
     </span>
     <span class='ocr_line' id='line_1_35' title="bbox 344 4557 1575 4661; baseline -0.007 -27"><span class='ocrx_word' id='word_1_269' title='bbox 344 4563 432 4636; x_wconf 90' lang='lat' dir='ltr'>tium</span> <span class='ocrx_word' id='word_1_270' title='bbox 454 4562 659 4635; x_wconf 89' lang='lat' dir='ltr'>dementias</span> <span class='ocrx_word' id='word_1_271' title='bbox 679 4562 858 4646; x_wconf 81' lang='lat' dir='ltr'>subtiliter</span> <span class='ocrx_word' id='word_1_272' title='bbox 874 4562 1056 4661; x_wconf 87' lang='lat' dir='ltr'>perspexit</span> <span class='ocrx_word' id='word_1_273' title='bbox 1077 4573 1115 4634; x_wconf 91' lang='lat' dir='ltr'>ut</span> <span class='ocrx_word' id='word_1_274' title='bbox 1138 4560 1267 4633; x_wconf 89' lang='lat' dir='ltr'>melius</span> <span class='ocrx_word' id='word_1_275' title='bbox 1283 4586 1327 4631; x_wconf 87' lang='lat' dir='ltr'>ex</span> <span class='ocrx_word' id='word_1_276' title='bbox 1343 4558 1415 4629; x_wconf 89' lang='lat' dir='ltr'>illis</span> <span class='ocrx_word' id='word_1_277' title='bbox 1432 4557 1575 4628; x_wconf 90' lang='lat' dir='ltr'>diversa</span> 
     </span>
     <span class='ocr_line' id='line_1_36' title="bbox 265 4672 1573 4768; baseline -0.006 -19"><span class='ocrx_word' id='word_1_278' title='bbox 265 4685 267 4691; x_wconf 79' lang='grc'>’</span> <span class='ocrx_word' id='word_1_279' title='bbox 348 4682 488 4751; x_wconf 88' lang='lat' dir='ltr'>ratione</span> <span class='ocrx_word' id='word_1_280' title='bbox 504 4682 669 4750; x_wconf 86' lang='lat' dir='ltr'>tractatis</span> <span class='ocrx_word' id='word_1_281' title='bbox 690 4677 826 4751; x_wconf 89' lang='lat' dir='ltr'>lucrum</span> <span class='ocrx_word' id='word_1_282' title='bbox 844 4677 990 4750; x_wconf 88' lang='lat' dir='ltr'>laceret.</span> <span class='ocrx_word' id='word_1_283' title='bbox 1016 4680 1107 4750; x_wconf 83' lang='lat' dir='ltr'>Eine</span> <span class='ocrx_word' id='word_1_284' title='bbox 1127 4676 1280 4749; x_wconf 90' lang='lat' dir='ltr'>clientes</span> <span class='ocrx_word' id='word_1_285' title='bbox 1295 4672 1496 4745; x_wconf 84' lang='lat' dir='ltr'>obveniunt</span> <span class='ocrx_word' id='word_1_286' title='bbox 1511 4672 1573 4768; x_wconf 90' lang='lat' dir='ltr'>qui</span> 
     </span>
     <span class='ocr_line' id='line_1_37' title="bbox 347 4785 1574 4892; baseline -0.005 -27"><span class='ocrx_word' id='word_1_287' title='bbox 347 4798 507 4892; x_wconf 90' lang='lat' dir='ltr'>corporis</span> <span class='ocrx_word' id='word_1_288' title='bbox 537 4808 678 4868; x_wconf 89' lang='lat' dir='ltr'>tantum</span> <span class='ocrx_word' id='word_1_289' title='bbox 706 4792 888 4869; x_wconf 90' lang='lat' dir='ltr'>desiderio</span> <span class='ocrx_word' id='word_1_290' title='bbox 918 4792 1184 4891; x_wconf 85' lang='lat' dir='ltr'>impelluntur?</span> <span class='ocrx_word' id='word_1_291' title='bbox 1203 4790 1381 4887; x_wconf 83' lang='lat' dir='ltr'>Magnam</span> <span class='ocrx_word' id='word_1_292' title='bbox 1414 4787 1477 4861; x_wconf 92' lang='lat' dir='ltr'>illa</span> <span class='ocrx_word' id='word_1_293' title='bbox 1510 4785 1574 4859; x_wconf 92' lang='lat' dir='ltr'>dat</span> 
     </span>
    </p>
   </div>
   <div class='ocr_carea' id='block_1_3' title="bbox 0 0 1742 5609">
    <p class='ocr_par' dir='ltr' id='par_1_3' title="bbox 0 0 1742 5609">
     <span class='ocr_line' id='line_1_38' title="bbox 0 0 1742 5609; baseline 0 1"><span class='ocrx_word' id='word_1_294' title='bbox 0 0 1742 5609; x_wconf 95' lang='lat' dir='ltr'> </span> 
     </span>
    </p>
   </div>
  </div>
 </body>
</html>
