3475 5609
901 491 1063 575 -3g..

356 654 520 731 evolutas
535 680 615 729 esse
630 652 731 729 testis
746 666 800 728 est
815 654 931 756 Rojas
942 659 1019 753 ipse
1033 659 1095 756 qui
1111 659 1150 729 in
1167 654 1365 731 Celestz'noe
1378 656 1585 754 appendice

356 798 423 849 nos
443 784 567 846 monet
591 797 630 845 se
659 770 851 845 Plautinas
871 786 905 845 ct
925 772 1168 846 Terentianus
1187 771 1331 846 labulas
1351 785 1437 845 ante
1457 772 1586 847 oculos

356 886 541 963 babuisse.
571 887 612 961 Si
652 898 773 961 autem
808 887 941 977 Plauto
978 902 1015 960 et
1051 887 1225 961 Terentio
1264 913 1339 961 non
1372 886 1500 962 eadem
1529 904 1587 962 est

358 1028 471 1092 mene,
499 1028 574 1077 non
597 1001 694 1076 idem
718 1001 864 1076 dicendi
882 1029 1009 1101 genus
1029 1007 1058 1077 si
1081 1002 1142 1076 ille
1161 1003 1194 1075 vi
1208 1010 1364 1092 comica,
1383 1004 1442 1078 hic
1462 1015 1585 1077 autem

358 1118 586 1219 lepidissima
605 1143 840 1217 personarum
861 1124 983 1217 specie
1022 1133 1057 1193 et
1088 1144 1205 1192 rerum
1224 1124 1399 1195 varietate
1418 1130 1579 1219 praestat,

358 1250 510 1334 uterque
544 1249 668 1308 tamen
701 1234 858 1308 similem
893 1235 1089 1310 comoediae
1115 1235 1257 1309 forman
1292 1239 1419 1310 offerre
1445 1235 1588 1310 videtur

361 1352 471 1451 quam
488 1349 691 1424 describere
718 1349 816 1424 haud
838 1351 961 1449 magni
981 1364 1036 1425 est
1061 1350 1207 1425 laboris
1232 1354 1273 1426 ln
1299 1378 1450 1426 scenam
1485 1356 1586 1426 enim

360 1470 521 1542 vicissim
536 1466 784 1564 producuntur
803 1492 902 1541 nunc
915 1493 1021 1541 senes
1032 1480 1093 1541 aut
1106 1466 1285 1542 faciliores
1302 1483 1363 1541 aut
1375 1472 1582 1556 severiores,

361 1607 504 1681 semper
512 1607 595 1656 vero
611 1581 752 1681 decepti
767 1616 774 1674 ;
790 1608 888 1656 nunc
902 1583 1052 1680 juvenes
1067 1582 1201 1681 quibus
1213 1583 1326 1681 major
1336 1598 1389 1657 est
1405 1584 1588 1682 cupiditas

362 1724 474 1801 quam
500 1699 615 1798 pudor
632 1732 639 1790 3
670 1725 768 1773 nunc
781 1697 934 1773 lenones
953 1699 1155 1772 avarissimi
1174 1734 1180 1791 ;
1204 1704 1410 1774 meretrices
1429 1699 1589 1799 denique

363 1829 399 1891 et
416 1813 616 1915 praesertim
642 1818 734 1888 servi
754 1814 955 1890 subdolosi.
985 1815 1082 1908 Quae
1109 1842 1238 1889 omnes
1270 1841 1437 1915 personae
1457 1817 1589 1890 eodem

364 1956 480 2007 rerum
507 1930 605 2007 nodo
633 1930 807 2005 aPlauto
828 1930 1030 2021 liberius,a
1061 1933 1235 2007 Terentio
1267 1930 1436 2005 solertius
1469 1930 1588 2030 impli-

364 2057 505 2122 cantur.
518 2046 670 2145 Semper
687 2050 786 2120 enim
802 2046 1125 2145 juveniscupidine
1144 2046 1274 2147 flagrat
1288 2082 1295 2137 3
1312 2046 1436 2122 obstat
1452 2072 1563 2121 senex
1578 2080 1586 2137 3

365 2163 468 2240 deest
477 2167 632 2262 pecunia
645 2196 652 2254 ;
668 2175 744 2237 tum
758 2163 853 2237 dolis
865 2163 1029 2237 ridiculis
1040 2190 1165 2237 senem
1178 2165 1224 2236 ad
1236 2164 1301 2238 filii
1315 2176 1398 2238 vota
1408 2162 1592 2261 explenda

366 2304 489 2356 servus
501 2278 684 2354 adducere
699 2293 864 2358 conatur.
878 2282 925 2353 Ut
939 2278 1030 2355 inira
1041 2277 1191 2368 videbis,
1206 2282 1442 2354 Terentianae
1454 2277 1589 2353 labulae

367 2392 535 2471 nonnihil
548 2395 1270 2494 FernandodeRojasinTragicomoedia
1281 2394 1591 2494 suadisponenda

366 2510 501 2601 retulit,
524 2537 592 2585 nec
618 2510 810 2586 Plautinos
838 2512 944 2591 ,sales
971 2511 1192 2609 dedignatus
1217 2527 1271 2585 est
1313 2526 1349 2585 ut
1376 2510 1532 2587 famulos
1556 2525 1593 2584 et

368 2630 574 2702 meretrices
601 2630 694 2700 inter
712 2652 751 2701 se
771 2626 963 2726 loquentes
983 2626 1180 2701 induceret.

418 2741 597 2841 Equidem
619 2767 693 2815 non
715 2746 844 2841 ignoro
863 2742 1016 2816 lenones
1038 2743 1169 2816 multos
1202 2746 1239 2815 in
1269 2742 1384 2817 latina
1409 2744 1594 2817 comoedia

368 2884 463 2947 esse,
484 2856 623 2931 nullam
644 2882 729 2932 vero
746 2860 867 2933 lenam
890 2886 975 2957 quae
992 2860 1191 2933 Celestinae
1214 2872 1348 2933 nostrae
1370 2858 1501 2932 similis
1516 2862 1564 2930 sit
1583 2890 1590 2946 3

370 2977 433 3053 sed
449 2975 561 3050 talem
578 2975 651 3074 jam
668 2968 855 3051 mulierem
878 2977 1061 3073 elegorum
1078 2981 1269 3074 scriptores
1288 2975 1594 3049 adumbraverant

370 3118 462 3193 quos
487 3090 602 3192 Rojas
635 3089 745 3191 longe
783 3092 887 3165 abest'
921 3107 960 3166 ut
998 3091 1201 3165 fastidierit.
1241 3091 1458 3188 Propertius,
1494 3088 1626 3167 verbi,

370 3207 500 3308 gratia,
539 3206 735 3281 Acanthim
770 3207 970 3306 quamdam
1008 3228 1214 3282 exsecratur
1252 3234 1362 3305 quam
1395 3205 1594 3281 Celestinae

371 3322 633 3423 propemodum
652 3322 873 3397 avunculam
900 3350 979 3397 esse
1004 3323 1133 3397 dicas..
1151 3324 1285 3397 Nonne
1306 3326 1398 3395 veris
1412 3320 1595 3395 coloribus

372 3465 543 3539 expressa
571 3452 626 3514 est
654 3439 776 3514 vetula
800 3438 873 3526 illa,
900 3440 1008 3512 modo
1033 3439 1220 3537 ignobilis,
1251 3438 1360 3512 modo
1386 3437 1530 3512 subtilis
1558 3450 1596 3511 et

372 3559 502 3643 comiS,
531 3580 672 3653 semper
693 3581 778 3629 vero
792 3556 921 3630 sitiens
936 3572 972 3629 et
992 3560 1219 3652 copiosarum
1234 3578 1422 3629 coenarum
1440 3553 1596 3652 cupida?

372 3672 487 3773 Maga
506 3696 655 3770 quoque
674 3684 730 3745 est
748 3674 974 3770 venenisque
1002 3684 1037 3743 et
1058 3670 1283 3744 carminibus
1304 3669 1459 3744 fluentes
1479 3696 1595 3769 aquas

374 3785 539 3861 inhibere
554 3797 590 3860 et
609 3785 709 3861 lunae
730 3784 908 3861 mandata
942 3786 1128 3883 imponere
1147 3798 1268 3884 potest
1292 3819 1298 3875 ;
1340 3785 1594 3884 corrumpendi

374 3927 458 3977 vero
477 3917 590 3975 artem
610 3905 793 4000 praecipue
813 3928 856 3974 ea
869 3906 970 3975 novit
991 3928 1075 4000 quae
1100 3903 1178 3975 sola
1196 3903 1424 4000 Hippolitum
1440 3902 1597 3975 Veneris

373 4043 529 4105 servum,
548 4016 847 4118 Penelopamque
876 4019 1028 4091 Antinoi
1063 4019 1231 4115 pellicem
1251 4017 1424 4108 lecisset,
1458 4017 1597 4090 timidis

373 4146 409 4208 et
428 4136 539 4209 castis
558 4133 771 4209 mulieribus
794 4138 975 4232 pretiosas
1005 4151 1125 4208 vestes
1144 4150 1179 4208 et
1199 4148 1416 4207 ornamenta
1434 4146 1595 4208 ostentat

373 4248 506 4349 quibus
520 4249 699 4349 pudicitia
719 4251 810 4325 laesa
831 4262 1004 4347 pensatur
1023 4284 1030 4341 ;
1054 4264 1150 4324 artes
1170 4252 1277 4324 docet
1297 4251 1431 4349 quibus
1456 4254 1597 4323 amicus

373 4370 478 4464 quasi
499 4390 622 4440 servus
640 4367 740 4440 domi
762 4369 947 4456 retinetur,
972 4393 1040 4439 nec
1061 4393 1136 4439 non
1152 4382 1187 4441 et
1197 4366 1391 4466 juvenibus
1410 4367 1539 4440 suadet
1558 4380 1597 4441 ut

371 4480 593 4581 juvenilibus
611 4485 720 4556 annis
740 4495 890 4556 utantur
904 4498 937 4555 et
959 4482 1168 4556 abutantur.
1189 4482 1313 4556 Altera
1339 4486 1378 4555 in
1401 4481 1597 4555 Amoribus

374 4599 420 4697 (l,
443 4600 481 4695 8)
502 4598 695 4687 Acanthis,
714 4600 867 4696 Dipsam
889 4598 985 4684 dico,
1019 4598 1225 4687 invenitur;
1263 4598 1327 4671 sed
1354 4597 1511 4673 Ovidius
1533 4601 1595 4695 qui

376 4716 526 4815 ingenio
562 4738 629 4788 suo
662 4715 770 4789 nimis
809 4714 1024 4811 indulgebat
1046 4719 1139 4786 inter
1159 4719 1323 4787 carmina
1355 4732 1391 4789 et
1422 4712 1597 4787 veneficia

374 4842 534 4904 moratur
547 4828 679 4929 quibus
693 4831 778 4906 lena
790 4856 852 4930 per
869 4844 1012 4904 noctem
1034 4844 1069 4904 et
1089 4831 1236 4904 umbras
1258 4830 1413 4917 evolare,
1438 4845 1597 4902 mortuos
