3475 5609
716 505 880 580 ψ

175 653 363 732 custodem
393 657 432 729 in
461 677 610 732 scenam
631 656 785 732 inducit.
804 657 1037 733 Lucasenim
1056 657 1291 750 Fernandeo,
1313 653 1399 731 dum
1452 755 1456 762 Ι

173 796 254 845 eam
287 777 485 870 componit,
524 772 709 873 Ecglogas
736 785 822 848 ante
851 773 979 850 oculos
1013 773 1173 851 habebat
1198 799 1278 873 quc
1297 799 1320 849 a
1338 776 1398 874 Jo-

174 886 297 962 hanne
323 887 387 962 del
413 887 563 963 Encz'na
582 888 629 962 ad
650 887 850 966 Celestinae
883 888 1043 988 speciem
1069 888 1251 965 imitando
1275 889 1398 964 relatae

172 1016 273 1078 sunt.
295 1003 418 1079 Testis
436 1017 492 1080 est
509 1005 648 1080 Probas
667 1009 730 1105 qui
751 1005 799 1080 ad
825 1006 970 1082 Amoris
989 1008 1190 1104 potentiam
1216 1004 1396 1082 illustran-

172 1119 257 1194 dam
280 1120 397 1195 Fileni
414 1121 640 1221 Cristinique
660 1121 824 1220 exempla
847 1135 1025 1200 memorat
1048 1148 1201 1222 quorum
1221 1121 1282 1196 ille
1301 1147 1396 1197 mor·

172 1248 257 1326 tem,
289 1235 350 1312 hic
379 1262 464 1313 vero
500 1238 737 1314 solitudinem
775 1239 953 1336 quaesivit.
978 1239 1041 1314 Nil
1071 1237 1183 1338 igitur
1210 1243 1340 1314 mirum
1365 1242 1396 1314 si

168 1351 338 1449 juvenem
370 1358 560 1452 praesentis
574 1378 716 1454 semper
743 1354 873 1453 puellae
888 1353 1060 1453 cupidine
1085 1355 1302 1453 flagrantem
1321 1367 1396 1430 tam

157 1467 301 1562 ,vividis
328 1469 440 1544 Miles
458 1471 624 1571 depingit
649 1470 845 1546 coloribus.
868 1471 1003 1546 Nonne
1033 1470 1228 1546 Celestinae
1247 1469 1399 1544 edoctus

169 1598 224 1658 est
249 1585 473 1685 disciplina?
503 1586 801 1663 «Centurionis»
835 1613 983 1688 quoque
1012 1613 1036 1661 a
1052 1587 1233 1685 jactantia
1251 1598 1395 1661 tantum

168 1699 273 1776 abest
298 1711 338 1778 ut
353 1702 545 1778 abhorreat
575 1716 617 1796 ut,
651 1703 802 1778 rudibus
826 1703 890 1779 sed
909 1707 1013 1778 sanis
1045 1717 1231 1801 pastorum
1250 1701 1398 1801 judiciis

167 1817 427 1915 gloriationem
448 1845 550 1896 suam
564 1834 601 1895 et
614 1818 933 1920 vaniloquentiam
948 1844 1131 1918 opponere
1149 1818 1278 1895 soleat.
1297 1817 1396 1914 Quid

168 1934 321 2014 facetius
339 1963 451 2038 quam
472 1938 642 2038 dialogus
661 1943 700 2012 in
721 1965 794 2039 quo
808 1939 1037 2031 Pascuolse,
1061 1937 1174 2012 lorica
1189 1940 1280 2026 visa,
1302 1935 1393 2011 nihil

172 2055 298 2128 animo
319 2053 389 2130 nisi
421 2059 630 2158 rapinarum
666 2067 703 2131 et
735 2053 1039 2130 contumeliarum
1059 2058 1228 2129 timorem
1247 2052 1395 2128 volvere

169 2167 315 2260 latetur,
348 2169 459 2246 Miles
479 2183 600 2246 autem
616 2175 765 2246 saevitiis
783 2196 864 2272 quae
884 2170 990 2246 vitari
1009 2195 1115 2270 posse
1135 2195 1210 2244 non
1228 2168 1396 2244 videntur

169 2289 375 2383 patrocinia
394 2291 533 2386 quaerit,
557 2299 593 2362 et
629 2286 807 2386 gladium,
840 2290 947 2386 quasi
981 2291 1226 2362 necessarium
1248 2285 1396 2384 justitiae

167 2414 488 2502 propugnatorem,
525 2405 697 2478 maximis
724 2399 827 2480 effert
865 2401 1060 2478 laudibus?
1088 2402 1173 2478 Non
1205 2401 1280 2501 jam
1318 2400 1395 2474 haec

171 2545 192 2586 <r
208 2529 374 2594 satrrrae»
394 2530 537 2594 tantum
552 2522 697 2617 propria
716 2532 815 2608 sunt,
836 2518 902 2594 sed
921 2530 958 2595 et
976 2544 1067 2593 verae
1082 2517 1271 2593 comediae.

213 2635 360 2710 Farsas
378 2661 525 2735 quoque
541 2639 779 2711 nominantur
802 2634 976 2737 Ecglogae
1005 2634 1092 2711 duae
1112 2659 1204 2734 quas
1222 2635 1270 2710 de
1290 2634 1394 2708 Nati·

162 2755 276 2826 vitate
291 2751 407 2826 Laenas
433 2753 657 2850 fernandez
676 2755 906 2852 composuit,
937 2751 1016 2844 sed,
1038 2754 1206 2852 quamvis
1240 2753 1392 2824 sanctis·

163 2871 259 2942 sima
291 2866 329 2941 in
349 2871 504 2942 materia
520 2879 721 2956 versentur,
739 2868 850 2966 longe
871 2882 995 2942 tamen
1015 2866 1149 2944 absunt
1168 2879 1207 2941 ut
1221 2866 1271 2942 ab
1289 2869 1390 2940 omni

164 2982 364 3058 Celestinoe
408 2986 615 3060 imitatione
641 3009 681 3058 se
711 2982 923 3082 expediant.
954 2982 1118 3078 Quarum
1146 2985 1247 3058 enim
1261 2984 1391 3079 prioris

163 3122 327 3195 personae
360 3101 532 3191 Pascual,
556 3099 752 3188 Lloreinte,
776 3099 886 3201 Juan
905 3100 1093 3199 Pedroque
1108 3097 1245 3174 Pz'cado
1259 3097 1389 3196 impro-

162 3213 326 3288 bissimis
354 3214 511 3306 lacetiis,
550 3219 644 3290 sicut
674 3213 889 3316 Sempronio
906 3228 942 3290 et
960 3216 1153 3306 Permane,
1182 3213 1389 3289 divinarum

161 3355 278 3406 rerum
305 3332 511 3408 doctrinam
539 3331 737 3407 immodica
757 3330 887 3430 lingua
925 3335 1077 3406 miscere
1109 3329 1241 3408 solent.
1265 3330 1389 3406 Celes·

161 3445 252 3520 tinea
295 3451 508 3526 memoriam
548 3448 662 3522 multo
707 3451 827 3546 magis
871 3447 1014 3522 tenebis
1046 3450 1077 3522 si
1106 3449 1315 3546 posterioris
1344 3445 1389 3519 de

162 3559 362 3638 Nativitate
398 3574 595 3638 «saturae»
630 3567 784 3664 primam
818 3577 955 3663 partem
993 3562 1184 3638 evolveris.
1205 3561 1284 3636 Nec
1313 3560 1389 3660 plu·

161 3676 289 3752 rimam
309 3692 493 3755 ostentare
512 3679 756 3758 eruditionem
787 3705 854 3754 nec
874 3705 1002 3778 parum
1033 3678 1241 3764 verecunda
1258 3704 1330 3778 prae
1349 3702 1388 3752 se

160 3792 249 3868 lene
276 3795 386 3870 verba
418 3795 535 3871 Lucas
559 3797 780 3872 Fernandes
817 3795 961 3870 dubitat
998 3795 1085 3869 dum
1124 3795 1151 3869 F
1154 3794 1307 3871 ornandi
1343 3797 1389 3870 de

159 3909 275 4010 Rojas
304 3915 462 4010 vestigia
494 3917 734 4013 prosequitur.
753 3910 853 4006 Quid
879 3937 1048 3987 sermone
1067 3910 1238 3986 licentius
1257 3914 1296 3985 in
1313 3937 1386 4010 quo

160 4025 341 4102 Bonilacii
367 4032 488 4102 aviam
515 4028 587 4106 Gt'l
604 4033 656 4103 ita
675 4029 842 4128 depingit
860 4040 901 4103 ut
919 4053 1001 4104 eam
1022 4027 1211 4103 Celestina
1228 4026 1385 4126 pejorem

160 4146 291 4243 (cpeor
314 4169 382 4243 que
411 4145 649 4245 celestino»)
677 4145 787 4222 luisse
819 4144 1041 4220 confirmet?
1068 4145 1124 4220 Ex
1142 4170 1217 4245 quo
1237 4158 1387 4245 apparet

158 4257 270 4358 longe
298 4259 372 4357 jam
404 4262 742 4360 Tragicomoediam
773 4263 818 4336 de
851 4259 998 4337 Calisto
1028 4289 1060 4362 y
1095 4260 1254 4336 Melibea
1281 4263 1386 4334 dissi·

157 4388 283 4474 patam
309 4401 388 4452 esse
415 4403 497 4452 cum
531 4382 569 4452 in
598 4379 773 4477 Ecglogis
804 4364 933 4452 etiam'
951 4377 997 4452 de
1024 4377 1226 4453 Nativitate
1264 4376 1386 4453 locum

157 4503 282 4567 teneat
313 4510 350 4568 et
378 4497 416 4568 in
450 4494 584 4569 fabulis
616 4521 697 4595 quae
723 4497 879 4593 primum
911 4491 958 4567 ad
991 4492 1204 4570 clericorum
1235 4517 1385 4568 scenam

157 4609 473 4707 componebantur
498 4636 612 4687 novas
640 4624 677 4688 et
695 4615 849 4687 omnino
868 4608 1040 4709 profanas
1067 4613 1219 4686 virtutes
1241 4621 1278 4684 et
1296 4608 1386 4685 vitia

159 4723 313 4826 injiciat.
