3475 5609
1402 502 1717 568 „97-

336 647 796 722 conferamus
861 676 1029 747 quae
1089 651 1180 723 de
1274 652 1629 723 amatoria
1715 648 1843 721 lite
1945 648 2348 747 disputant.
2423 649 2792 725 Dilectam

352 763 810 864 Vasquz‘rano
847 765 1224 838 Violinam
1302 769 1548 838 amisit
1598 790 1747 863 qua
1803 779 2011 862 rapta
2076 769 2151 838 in
2220 764 2557 838 Siciliam
2618 792 2795 841 con-

336 879 646 977 fugerat.
714 882 1014 954 Amicus
1053 897 1293 954 antem
1328 882 1481 979 ejus
1524 879 1936 970 Flaminia,
1998 884 2114 954 cui
2170 907 2261 954 ne
2300 907 2465 980 spes
2499 882 2796 981 quidem

339 996 490 1069 ulla
575 998 1002 1085 ostenditur,
1087 997 1438 1070 continuo
1513 1011 1583 1069 et
1661 995 1981 1069 dolendo
2057 1022 2304 1071 amore
2381 998 2799 1072 Belisenam

339 1114 739 1213 quamdam
798 1119 1254 1211 prosequitur
1314 1114 1517 1211 cujus
1591 1117 1913 1186 nominis
1953 1113 2209 1186 umbra
2252 1114 2581 1188 Isabellae
2622 1115 2801 1189 Ara-

336 1233 695 1325 gonensis
725 1229 896 1316 filia,
946 1232 1152 1303 Bona
1194 1231 1465 1326 Sforza
1508 1233 1799 1325 tegitur.
1850 1230 2026 1303 Uter
2065 1234 2475 1305 amantium
2517 1230 2802 1306 illorum

340 1344 673 1417 miserior
720 1347 890 1417 est?
954 1346 1058 1417 Ea
1097 1360 1207 1418 est
1241 1346 1539 1418 materia
1584 1345 1673 1416 de
1715 1371 1861 1443 qua
1890 1345 2396 1420 subtilioribus
2434 1372 2624 1445 saepe
2674 1347 2801 1421 sed

338 1460 747 1559 aliquando
826 1461 1362 1535 miserabilibus
1402 1465 1791 1535 sententiis
1830 1462 2084 1560 perdiu
2133 1460 2530 1537 disseritur.
2571 1491 2609 1533 «
2637 1462 2803 1537 Fla-

340 1575 552 1648 minii
607 1580 992 1665 cruciatuS‚
1077 1577 1314 1675 inquit
1396 1577 1878 1676 Vasquz'ranO,
1925 1578 2293 1675 quomodo
2337 1582 2518 1652 meis
2557 1577 2804 1652 confe-

339 1704 597 1764 rantur
649 1718 812 1766 cum
872 1697 944 1765 in
1006 1692 1475 1791 Neapolitani
1510 1697 1701 1790 regis
1743 1692 1911 1765 aula
1952 1692 2053 1765 illi
2086 1693 2354 1767 saltent
2395 1708 2465 1767 et
2495 1705 2799 1786 canant,
2851 1681 2866 1689 ³

341 1807 416 1879 hi
497 1821 753 1880 contra
822 1809 1017 1882 domi
1077 1823 1378 1905 gemant
1439 1825 1510 1882 et
1578 1809 2115 1882 lacrimentur?
2189 1853 2287 1866 —
2351 1811 2469 1886 Tu
2512 1810 2796 1899 saltem,

342 1923 735 2020 respondet
789 1923 1198 2013 Flaminia,
1248 1923 1598 1997 felicitate
1671 1924 1929 1997 fruitus
1994 1950 2073 1998 es
2136 1930 2250 1999 cui
2313 1924 2500 1999 nihil
2558 1923 2804 1999 aeterni

342 2052 607 2114 natura
672 2064 906 2113 rerum
973 2040 1449 2114 concedebat.
1524 2041 1971 2114 Deliciarum
2058 2044 2276 2141 igitur
2330 2041 2551 2114 finem
2607 2039 2804 2140 quod

339 2156 666 2232 subitum
728 2155 974 2229 vidisti
1037 2169 1114 2229 tu
1193 2160 1533 2255 quereris,
1610 2183 1750 2254 ego
1818 2183 1985 2230 vero
2050 2156 2249 2256 quod
2306 2155 2804 2230 molestiarum

344 2271 630 2346 nullum
682 2271 904 2345 finem
975 2270 1190 2345 video
1228 2302 1287 2344 ».
1359 2273 1529 2366 Qua
1587 2276 1875 2346 ratione
1913 2272 2290 2346 elaborata
2335 2270 2459 2345 illa
2506 2271 2804 2346 concin-

343 2391 542 2461 nitas
599 2386 1088 2486 affectataque
1137 2391 1330 2461 circa
1365 2388 1586 2462 verba
1633 2387 2002 2463 subtilitas
2033 2415 2077 2462 a
2129 2413 2298 2463 vera
2335 2387 2805 2462 humiliorum

340 2529 581 2578 rerum
641 2507 967 2601 imagine
1043 2503 1237 2578 haud
1332 2502 1715 2579 abhorrere
1781 2479 2012 2602 pos⁸sit
2072 2504 2221 2603 jam
2310 2507 2386 2577 in
2475 2502 2807 2602 Ecgloga

341 2623 743 2720 perspicies
819 2645 980 2718 quae
1046 2624 1123 2694 in
1186 2649 1224 2690 «
1270 2619 1696 2712 Quaestione
1763 2622 1849 2693 de
1883 2621 2174 2695 Amor»
2226 2620 2347 2693 die
2407 2619 2594 2695 festa
2648 2622 2803 2718 agi·

343 2750 461 2811 tur
517 2737 654 2834 (1).
725 2735 914 2809 Cum
952 2736 1146 2833 enim
1210 2736 1602 2810 Flaminio
1663 2741 1789 2836 qui
1857 2736 2113 2810 Torini
2172 2748 2412 2835 partes
2481 2735 2808 2811 defendit

345 2850 727 2927 Petrarchi
758 2865 831 2925 et
858 2854 1220 2952 Johannis
1239 2854 1367 2925 del
1385 2855 1461 2926 E
1463 2852 1680 2926 ncina
1712 2854 1820 2952 (2)
1853 2853 2253 2952 discipulus
2291 2878 2452 2927 esse
2480 2852 2809 2927 videatur

345 2968 527 3044 dum
567 2968 833 3043 acerbo
873 2968 1122 3043 dolore
1163 2969 1358 3043 dolet
1395 2981 1468 3041 et
1521 2984 1822 3044 mortem
1890 2968 2401 3044 vehementius
2475 2970 2803 3068 requirit,

345 3088 671 3159 amantis
736 3096 1122 3176 tormenta,
1197 3085 1462 3183 quibus
1527 3084 1712 3158 nihil
1757 3088 1897 3158 nisi
1938 3085 2211 3160 rabiosi
2257 3088 2467 3158 canis
2523 3109 2806 3159 morsus

345 3200 661 3275 similius
699 3227 858 3274 esse
884 3200 1229 3298 praedicat
1271 3227 1419 3274 non
1480 3206 1722 3275 minus
1767 3200 2168 3277 Guz'llardo
2195 3199 2486 3275 irridere
2518 3200 2807 3274 dubitat

346 3342 573 3416 quam
632 3316 927 3408 Quz'ral
982 3322 1096 3392 cui
1158 3316 1350 3394 haud
1403 3342 1700 3415 magnae
1768 3317 2137 3392 formidini
2213 3343 2417 3392 amor
2492 3329 2602 3392 est
2660 3341 2807 3416 quo

347 3432 561 3509 multi
622 3433 840 3508 verbo
893 3447 1178 3509 tanturn
1220 3460 1354 3508 nec
1409 3459 1483 3507 re
1551 3437 1711 3533 ipsa
1785 3438 2165 3508 exanimes
2206 3434 2431 3509 fiunt.
2497 3432 2809 3509 Talibus

346 3548 747 3623 utebantur
826 3547 1109 3623 facetiis
1179 3548 1609 3648 Sempronio
1663 3563 1736 3623 et
1803 3553 2166 3624 Parmeno
2236 3562 2309 3624 et
2375 3548 2468 3622 ad
2557 3572 2806 3623 eorum

348 3664 724 3762 exemplar
762 3665 1177 3739 Zambardo
1224 3677 1469 3764 pastor
1507 3667 1644 3762 (3).

450 3778 672 3854 Talia
701 3804 997 3880 quoque
1036 3785 1113 3854 in
1157 3781 1600 3855 Bartolomei
1659 3781 2049 3856 comoediis
2105 3779 2810 3856 sententiis-delica-

350 3898 657 3970 tissimis
724 3897 1036 3972 finitima
1089 3901 1558 3996 reperiuntur.
1636 3897 1858 3994 Quod
1922 3901 2155 3996 primo
2232 3898 2665 3996 exquisitius
2732 3900 2810 3968 in

353 4037 601 4086 amore
671 4013 1143 4111 depingendo
1208 4013 1436 4087 italici
1505 4027 1737 4111 poetae
1800 4013 2243 4113 scripserunt
2307 4017 2384 4087 in
2443 4012 2813 4086 cornoedia

349 4127 673 4229 Jacz’nta
710 4129 1073 4203 interdum
1115 4135 1571 4228 agnoscitur.
1629 4131 1819 4205 Cum
1858 4135 2054 4205 enim
2111 4128 2360 4204 fabula
2416 4141 2561 4204 tres
2612 4153 2810 4227 pere·

416 4424 491 4489 (1)
532 4420 731 4490 Ecloga
761 4422 854 4474 illa
902 4422 1060 4492 longe
1090 4423 1234 4475 abest
1267 4434 1319 4475 ut
1347 4424 1462 4476 sola
1498 4425 1549 4475 in
1577 4425 1807 4476 italicam
1837 4438 2054 4474 scenam
2102 4429 2221 4472 ante
2259 4423 2432 4477 Torres
2461 4421 2703 4469 Naharro
2742 4418 2817 4467 in-

352 4504 509 4554 ducta
534 4504 615 4554 sit.
647 4503 768 4554 Alia
794 4504 951 4566 enim,
979 4521 1094 4571 quae
1140 4519 1169 4555 c
1188 4506 1403 4555 Placida
1426 4524 1466 4568 y
1506 4506 1775 4555 Vitoriano
1800 4520 1829 4555 »
1876 4504 2029 4554 fuisse
2056 4502 2269 4566 videtur,
2306 4500 2557 4552 Romanis
2587 4498 2636 4548 in
2681 4496 2815 4547 ludis

354 4597 497 4634 anno
524 4581 761 4634 MDX111
803 4585 939 4634 haud
968 4601 1182 4652 parvum
1219 4584 1391 4637 habuit
1425 4586 1618 4638 locum.

420 4666 497 4730 (2)
529 4665 614 4719 Cf.
653 4665 943 4733 Ecglogam
971 4666 1157 4718 Filena
1183 4669 1523 4733 (Cancionero
1565 4671 1723 4734 1509).

418 4746 495 4812 (3)
528 4745 753 4815 Magnas
778 4745 1059 4798 Zambardo
1085 4747 1194 4815 agit
1228 4756 1398 4815 partes
1426 4749 1478 4799 in
1517 4746 1751 4816 Ecgloga
1775 4747 1979 4798 Filena.
