3475 5609
858 590 897 603 -
918 569 957 636 54
977 589 1016 602 -

314 739 486 814 perquam
508 714 646 791 similes
666 716 860 791 videantur
873 760 921 773 —
940 730 975 789 et
991 710 1147 789 amicani
1169 714 1307 788 blanda
1327 740 1418 788 voce
1443 711 1539 786 salu·

315 842 390 903 tare
419 845 456 903 et
486 830 603 906 verbis
629 834 823 931 magnifice
843 831 1061 906 sonantibus
1086 856 1244 905 amorem
1260 858 1363 905 suum
1381 827 1536 928 profiteri

314 944 509 1036 solebunt;
550 974 658 1045 supra
692 949 941 1023 conditionem
984 952 1135 1043 ingenio
1173 974 1239 1021 suo
1263 946 1386 1020 subtili
1413 959 1449 1018 et
1478 948 1536 1017 cui

315 1061 407 1135 nihil
435 1065 537 1137 nefas
565 1068 612 1137 sit
632 1091 710 1138 sese
737 1065 914 1141 extollent
938 1064 1113 1162 paulatim
1148 1063 1266 1136 donec
1294 1062 1348 1135 vel
1383 1060 1537 1134 lortunis

313 1177 369 1251 vel
390 1182 471 1253 vitae
486 1180 711 1254 ornamentis
732 1186 823 1254 inter
844 1181 1015 1278 primores
1034 1178 1206 1252 evadant.

365 1295 454 1368 Haec
474 1300 641 1386 mutatio,
672 1297 788 1395 digna
813 1322 924 1396 quam
951 1302 1166 1382 intueamur,
1197 1296 1315 1393 plures
1347 1293 1468 1380 habet,
1497 1303 1537 1365 ut

315 1414 368 1483 ita
386 1411 520 1501 dicam,
542 1414 677 1509 gradus
693 1440 785 1513 quos
806 1413 925 1511 lepide
945 1412 1134 1487 Celestz'no
1159 1417 1237 1508 ipsa
1253 1411 1436 1483 describit.
1461 1411 1536 1504 Qui

314 1528 382 1598 iter
400 1530 588 1625 incipiunt,
610 1529 759 1626 juvenili
777 1528 937 1627 quodam
957 1552 1073 1600 errore
1089 1527 1230 1623 decepti
1249 1532 1316 1619 (ita
1332 1530 1430 1599 enim
1451 1537 1539 1598 sunt

315 1642 425 1715 Sosia
453 1658 489 1715 et
520 1644 754 1741 Tristarzz'col,
790 1644 979 1717 confidunt
1004 1644 1100 1730 hcm,
1130 1660 1164 1715 ct
1190 1643 1244 1715 vel
1274 1643 1449 1714 honorem
1482 1637 1538 1713 vel

312 1761 424 1830 vitam
440 1756 517 1856 ejus
536 1763 631 1832 curis
652 1740 946 1858 diligentissimis
971 1778 1247 1856 prosequuntur,
1266 1786 1334 1831 nec
1350 1756 1534 1845 dubitant,

312 1873 405 1948 adeo
419 1878 452 1947 ei
474 1874 586 1949 libere
606 1892 640 1949 et
656 1877 871 1974 simpliciter
886 1880 1101 1957 inserviunt,
1123 1876 1152 1948 si
1174 1883 1212 1948 in
1235 1874 1396 1973 periculo
1421 1898 1535 1945 verse·

314 2002 372 2063 tur
388 1987 459 2079 ille,
480 1994 517 2063 in
538 1997 750 2069 societatem
772 1992 921 2091 periculi
940 1996 1077 2077 venire,
1098 1996 1166 2065 etsi
1188 2016 1336 2063 necesse
1357 1990 1434 2062 fieri
1455 2013 1536 2084 pos-

314 2110 362 2178 sit
389 2105 499 2180 vitam
538 2109 689 2182 domino
715 2109 937 2205 impendere.
981 2107 1057 2180 Sed
1089 2126 1127 2180 ut
1161 2122 1265 2179 aetate
1301 2109 1474 2178 maturior
1495 2104 1537 2175 fit

312 2220 469 2296 lamulus
489 2226 540 2297 ita
561 2229 682 2298 minus
701 2224 841 2297 domini
867 2224 1052 2297 studiosus
1073 2238 1109 2296 ut
1129 2223 1189 2321 qui
1209 2247 1293 2295 eum
1314 2220 1536 2293 intellexerit

240 2400 242 2407 .
312 2340 570 2436 suimetipsius
588 2341 801 2438 diligentem
819 2356 960 2414 rantum
985 2365 1078 2425 esse,
1103 2364 1169 2411 nec
1190 2338 1333 2411 fidelem
1356 2336 1535 2409 [amulum

312 2450 351 2526 ut
390 2453 535 2528 deceret
568 2482 723 2546 curare,
759 2482 914 2553 cumque
953 2455 1085 2551 saepius
1116 2454 1161 2527 de
1190 2455 1342 2526 domino
1380 2451 1538 2524 lamulus

312 2573 450 2666 optime
466 2576 634 2645 meruerit
655 2598 723 2644 nec
743 2577 930 2669 praemium
951 2597 1013 2668 pro
1033 2585 1087 2643 tot
1102 2584 1137 2644 et
1151 2575 1262 2643 tantis
1283 2572 1421 2641 meritis
1441 2579 1534 2640 retu·

313 2683 393 2758 10111
412 2690 502 2759 satis
522 2687 697 2784 amplum,
723 2687 770 2760 ad
795 2686 887 2759 alias
910 2691 1155 2784 cog'tationes
1176 2688 1353 2758 convertit
1369 2688 1534 2755 animum

313 2826 380 2873 nec
401 2802 510 2875 audet
526 2801 647 2876 adhuc
677 2829 758 2901 quae
786 2828 910 2875 secum
935 2806 1147 2899 cogitaverit
1186 2813 1314 2873 contra
1344 2800 1533 2873 deminum

311 2913 416 2989 lactis
447 2920 610 3014 exsequi.
652 2918 737 2991 Non
770 2932 894 2989 tamen
922 2916 994 3013 jam
1028 2916 1235 2988 Yrr'slanico
1260 2931 1336 3004 est;
1368 2914 1408 2988 111
1434 2920 1534 2986 enim

310 3035 505 3105 Parmeno
530 3031 673 3105 Silena
694 3032 862 3131 quaedam
881 3029 1021 3130 aliquid
1040 3032 1250 3103 insidiarum
1271 3046 1394 3103 contra
1417 3029 1533 3101 domi-

311 3172 397 3220 num
419 3145 589 3221 moliatur
616 3163 651 3220 et
682 3147 856 3220 famulum
881 3147 1039 3219 hortetur
1066 3162 1103 3217 ut
1130 3172 1253 3219 earum
1280 3138 1534 3217 machinarum

310 3266 491 3359 particeps
511 3262 586 3350 fiat,
618 3264 816 3335 dummodo
844 3262 993 3359 adjiciat
1014 3266 1194 3358 promissa,
1217 3261 1349 3359 quibus
1370 3264 1534 3334 animum

310 3377 436 3451 lamuli
458 3378 632 3468 deleniat,
653 3404 727 3450 non
749 3378 885 3451 diutius
907 3377 967 3447 ille
987 3378 1247 3461 adversabitur,
1270 3394 1318 3463 et,
1342 3382 1480 3449 omissa
1501 3381 1532 3449 si

310 3518 383 3591 qua
402 3508 650 3589 permanserat
664 3492 785 3564 adhuc
806 3492 843 3563 in
858 3491 1078 3577 animoiide,
1102 3493 1148 3563 ad
1170 3493 1395 3588 prodendum
1408 3493 1535 3564 herum
1641 3552 1647 3563 .

310 3634 427 3698 suum,
461 3610 681 3681 adhortante
704 3608 759 3681 vel
788 3622 947 3704 quaestus
971 3608 1026 3680 uel
1055 3609 1236 3704 cupidinis
1256 3635 1330 3706 spe,
1356 3609 1532 3681 decurret.

310 3724 387 3797 Nec
407 3728 519 3813 satis;
541 3749 646 3796 suam
666 3722 855 3821 pristinam
880 3723 988 3794 sidem
1007 3738 1045 3795 ut
1070 3723 1247 3796 insulsam
1268 3740 1303 3796 et
1321 3724 1428 3797 valde
1448 3750 1534 3795 con-

309 3840 545 3911 temnendam
563 3838 727 3910 irridebit
752 3852 786 3909 ct
812 3862 849 3909 se
876 3840 1092 3933 proditorem
1113 3839 1252 3911 domini
1274 3823 1534 3935 arrogantibds

307 3980 396 4027 sane
409 3952 527 4026 verbis
546 3952 784 4050 profitebitur.
803 3956 897 4024 Ante
912 3954 1037 4025 oculos
1056 3970 1132 4025 tum
1145 3955 1402 4051 Sempronium
1416 3948 1528 4027 babe-

309 4094 401 4140 mus.
442 4068 551 4161 Quod
582 4082 706 4155 restat,
745 4093 890 4163 operam
921 4069 1021 4140 dabit
1056 4083 1093 4140 ut
1127 4072 1292 4141 minister
1313 4073 1360 4141 sit
1392 4068 1532 4140 domini

309 4183 535 4280 voluptatum
565 4195 602 4255 et
640 4182 691 4254 1111
729 4187 765 4253 111
801 4183 975 4254 libidines
1014 4210 1053 4254 se
1084 4184 1268 4255 invehenti
1291 4184 1531 4256 lenocinetur.

308 4298 501 4397 Quidquid
517 4302 617 4371 enim
638 4297 765 4372 delirat
779 4300 949 4369 dominus
973 4297 1070 4369 lucro
1091 4297 1245 4370 famulus
1266 4303 1429 4395 apponit.
1456 4300 1535 4373 Nec

307 4426 431 4485 tamen
452 4439 474 4484 a
493 4416 678 4511 proposito
699 4412 909 4485 abhorrebit
925 4418 953 4484 si
978 4413 1139 4509 quando,
1164 4429 1301 4485 mutata
1320 4418 1534 4510 inspeciem

307 4530 441 4626 agendi
463 4534 615 4617 ratione,
640 4541 678 4601 ut
698 4556 775 4601 sese
797 4532 985 4601 contineat
1011 4555 1128 4624 neque
1149 4529 1264 4600 lotum
1285 4556 1322 4599 se
1346 4534 1535 4602 amatoriae

307 4645 483 4743 voluptati
510 4644 620 4717 dedat
641 4644 764 4715 berum
787 4644 1027 4731 adlrortatur;
1069 4647 1199 4737 pariter
1214 4648 1311 4714 enim
1345 4659 1533 4717 cantuset
1596 4693 1599 4696 -

307 4759 377 4834 sibi
402 4759 519 4835 solum
548 4759 756 4851 consulens¹
780 4786 843 4832 seu
872 4772 1093 4843 assentatur,
1121 4784 1186 4828 scu
1213 4762 1391 4855 increpat,
1413 4759 1531 4832 domi·
