3475 5609
851 530 1033 576 -100-

331 673 427 747 fictis
446 659 738 772 portentosisbue
758 685 930 746 constant
957 670 1090 744 tabulis
1118 670 1251 767 quibus
1272 671 1363 770 Lope
1391 675 1435 746 de
1461 675 1557 774 Vaga

332 788 481 886 ejusque
496 787 663 885 discipuli
686 787 944 884 indulgebunt.
970 789 1206 883 Peregrinum
1230 791 1265 858 in
1290 817 1308 855 «
1324 783 1515 886 Aquilana
1538 822 1556 858 »

332 905 496 978 videmus
517 907 592 1002 qui,
619 903 876 1001 Hispaniensis
901 918 936 976 et
964 903 1074 999 regiae
1095 907 1247 999 virginis
1272 928 1394 976 amore
1414 920 1555 1002 captus

332 1045 442 1119 prope
462 1032 516 1092 est
535 1033 574 1092 ut
593 1045 674 1091 cum
703 1019 836 1092 dilecta
862 1019 984 1116 puella
1008 1033 1130 1116 pereat
1147 1019 1349 1116 eodemque
1369 1024 1449 1117 ipso
1468 1043 1557 1093 tcm-

332 1159 418 1234 pore
452 1136 669 1208 Hunnorum
701 1139 795 1232 regis
824 1135 921 1208 filius
950 1149 985 1207 et
1016 1160 1171 1231 sponsus
1197 1140 1435 1209 renuntiatur.
1473 1137 1557 1209 Non

333 1243 454 1324 minus
487 1267 615 1323 contra
648 1250 755 1322 fidem
796 1283 813 1319 «
849 1249 1077 1325 Calamz'tam
1113 1281 1132 1317 s>
1171 1275 1250 1323 esse
1283 1251 1511 1324 existimabis
1526 1255 1556 1324 si

239 1367 242 1374 ’
336 1365 485 1441 Romuli
520 1391 643 1440 casum
674 1366 844 1439 audieris,
880 1366 943 1440 llle
972 1365 1069 1438 enim
1098 1367 1238 1440 Siculae
1271 1371 1431 1440 civitatis
1462 1373 1557 1465 prin-

334 1509 420 1580 ceps
458 1481 620 1580 quinque
649 1481 742 1558 tilias
773 1508 866 1579 aegre
901 1481 1036 1553 terebat
1068 1486 1344 1579 proximamque
1374 1482 1486 1556 liliam
1519 1509 1558 1554 se

334 1603 536 1672 occisurum
558 1623 637 1670 esse
656 1597 846 1694 juraverat.
872 1596 1032 1668 Pastoris
1056 1599 1166 1694 igitur
1187 1596 1262 1668 filio
1281 1601 1320 1668 in
1340 1598 1416 1694 ejus
1438 1597 1556 1671 locum

334 1715 544 1800 substituto,
570 1731 708 1786 sextam
737 1728 851 1784 mater
880 1713 992 1784 filiam
1018 1717 1171 1785 servavit
1198 1739 1306 1810 quam
1336 1712 1556 1787 Calamitam

334 1857 414 1904 esse
432 1829 505 1934 jam
521 1827 745 1901 intellexisti.
769 1833 824 1922 (ι)

385 1944 583 2020 Celestince
602 1959 725 2015 tamen
754 1946 996 2015 imitationem
1032 1969 1146 2038 usque
1167 1936 1453 2017 inter‘insolitas
1475 1943 1558 2017 illas

335 2076 370 2135 et
400 2060 571 2134 mirificas
590 2058 732 2131 tabulas
759 2058 864 2131 lacile
885 2058 1069 2155 dispici-ns.
1094 2059 1177 2130 Duo
1196 2052 1294 2130 enim
1313 2061 1350 2132 in
1368 2059 1558 2156 aquitana

336 2176 597 2264 horticultore5‚
624 2174 798 2247 Felicinae
832 2173 968 2246 lamula
1006 2191 1041 2246 et
1081 2175 1246 2272 Aquilini
1275 2179 1439 2249 minister
1465 2180 1559 2249 veris

335 2295 584 2391 depinguntur
611 2289 794 2363 coloribus
811 2288 944 2386 quibus
962 2289 1035 2386 jam
1062 2291 1258 2362 Fernando
1275 2293 1319 2363 de
1338 2290 1452 2390 Rojas
1471 2318 1558 2366 usus

335 2425 402 2484 est.
420 2410 588 2509 Jusquini
612 2432 758 2504 quoque
779 2410 816 2477 in
839 2434 856 2471 <t
871 2403 1061 2479 Calamr‘ta
1080 2436 1098 2474 »
1123 2406 1279 2478 artificia
1299 2433 1321 2479 a
1348 2407 1556 2505 Sempronii

335 2525 520 2599 fraudibus
553 2520 650 2595 haud
687 2521 837 2595 multum
887 2520 1094 2593 abhorrent.
1131 2523 1168 2592 F
1170 2521 1358 2596 loribundo
1389 2539 1484 2596 certe
1521 2537 1557 2595 et

337 2638 525 2717 Calamz'ta
546 2663 613 2710 nec
629 2641 762 2709 amoris
780 2661 846 2708 nec
868 2636 1016 2709 honoris
1031 2661 1177 2732 gravem
1194 2654 1229 2709 et
1246 2641 1381 2711 variam
1398 2637 1557 2734 speciem

336 2757 499 2856 praebent
518 2779 591 2852 qua
622 2751 764 2836 Calz'sto
783 2765 818 2824 et
850 2751 1008 2825 Melibea
1034 2756 1072 2823 in
1101 2771 1278 2827 aeternum
1310 2753 1555 2842 illustrantur;

336 2899 451 2947 rerum
468 2896 551 2943 vero
571 2867 802 2941 familiarium
823 2867 961 2940 lacetas
980 2880 1015 2940 et
1035 2866 1207 2942 ridiculas
1225 2873 1406 2968 imagines
1429 2872 1558 2944 Turres

336 2990 508 3064 Naharro
526 2986 714 3080 descripsit
734 3009 818 3082 quae
836 2987 873 3054 in
895 2985 929 3056 C
928 2982 1085 3056 elestina
1101 3010 1175 3056 non
1192 2983 1420 3058 humiliorem
1436 2985 1555 3060 locum

335 3118 512 3177 tenerent.
537 3101 687 3174 Torcazi
716 3102 813 3172 enim
834 3098 1009 3172 stultitias
1035 3098 1116 3196 lege
1136 3113 1199 3174 aut
1220 3101 1364 3175 Libinae
1391 3116 1427 3174 et
1447 3103 1556 3176 Esco·

336 3221 421 3293 laris
434 3242 630 3303 sermones,
653 3215 918 3313 licentioraque
937 3214 1000 3287 sed
1012 3216 1187 3289 vivida-et
1199 3219 1354 3290 nitentia
1370 3217 1557 3290 miraberis

335 3336 456 3410 verba.
480 3336 543 3408 Sic
561 3331 776 3431 loquebatur
792 3330 979 3404 Celestina
1005 3357 1086 3404 cum
1108 3332 1248 3405 ardenti
1263 3331 1393 3406 Calisti
1421 3332 1556 3406 famulo
1643 3370 1649 3380 ·

335 3450 567 3550 possidendae
593 3450 743 3521 Areusae
779 3473 879 3544 spem
906 3446 1123 3520 ostendebat
1149 3465 1184 3520 et
1215 3448 1262 3520 ad
1295 3447 1466 3523 eflectum
1495 3449 1556 3521 ad-

336 3567 505 3643 ducebat.

382 3683 490 3758 Talia
520 3693 555 3754 et
576 3678 693 3777 magis
726 3678 893 3776 improba
933 3683 968 3749 in
1008 3678 1169 3752 secunda
1195 3680 1432 3778 Propaladz'oe
1455 3698 1557 3777 parte

334 3802 572 3898 reperiuntur,
605 3794 642 3866 id
663 3805 717 3866 est
751 3797 788 3864 in
818 3792 1009 3866 comoediis
1046 3820 1137 3894 quas
1164 3793 1396 3868 tanaticia»
1427 3796 1557 3869 Torres

335 3917 507 3992 Nahorro
521 3927 639 3985 vocat.
660 3913 752 3985 Cum
768 3914 866 3983 enim
889 3913 925 3981 in
945 3914 999 3983 eis
1018 3909 1271 3984 Bartolomeus
1294 3936 1410 3985 rerum
1426 3922 1463 3984 et
1480 3936 1557 4008 per-

334 4055 504 4105 sonarum
534 4033 571 4101 in
601 4026 732 4125 quibus
761 4024 927 4123 quotidie
940 4038 1099 4099 versatur
1118 4029 1318 4123 ingenuam
1337 4039 1374 4100 et
1386 4040 1555 4100 exactam

335 4151 534 4244 imaginem
577 4143 694 4216 oculis
734 4165 934 4239 proponere
972 4144 1108 4238 cupiat,
1146 4140 1328 4215 Fernandi
1361 4144 1405 4215 de
1440 4142 1556 4240 Rojas

333 4276 445 4336 artem
473 4277 509 4334 et
537 4263 714 4332 rationem
748 4269 909 4354 usurpat.
938 4259 1024 4352 Qua
1047 4270 1168 4330 autem
1190 4262 1340 4333 veritate
1369 4262 1406 4331 in
1444 4258 1579 4348 «Sol-‘⁴

331 4382 482 4453 dadesca
499 4407 517 4445 »
538 4379 670 4450 summi
691 4373 875 4472 pontificis
892 4372 1025 4447 milites
1052 4372 1294 4472 colligunturl
1316 4376 1400 4449 Non
1415 4374 1553 4449 eisdem

333 4521 376 4568 ac
405 4491 581 4568 Centurio
600 4490 733 4579 verbis,
754 4489 816 4564 sed
850 4493 929 4588 pari
943 4488 1234 4590 ‘vaniloquentia
1253 4503 1289 4566 et
1315 4493 1466 4565 minime
1480 4489 1553 4564 dis·

363 4753 399 4817 (1)
417 4749 535 4801 Similem
549 4746 662 4814 reperias
675 4744 788 4796 tabulam
802 4745 869 4811 apud
884 4747 947 4809 Lopt
961 4754 993 4796 dn
1008 4746 1084 4810 Vela.
1096 4747 1138 4797 Ct.
1152 4748 1188 4797 El
1199 4748 1426 4812 Palacr'oconsuw.
1473 4739 1477 4747 ’
