3475 5609
696 615 856 680 -ss-

157 760 359 835 decrevisse
373 786 445 859 quo
459 766 687 858 potissimum
706 761 786 833 loco
800 760 924 833 Mcnae
939 772 1002 832 aut
1019 760 1125 834 Cotae
1138 786 1230 859 opus
1245 761 1381 855 finiret,

126 937 130 944 .
156 904 229 975 quo
249 882 429 975 proprium
452 882 625 973 inciperet
647 880 661 949 i
683 876 792 971 Quod
813 876 963 973 quidem
983 902 1083 950 anno
1103 889 1246 952 tantum
1269 877 1384 953 MDll

157 992 368 1089 designavit
388 992 536 1089 quando
557 1020 577 1063 a
599 994 716 1064 verbis
746 1022 764 1059 <t
795 994 1002 1065 Hermanos
1030 990 1124 1065 mr'os
1148 1023 1167 1063 »
1195 991 1385 1092 dialogum

159 1135 262 1181 suurn
284 1108 471 1181 exordium
489 1134 618 1205 capere
632 1106 855 1205 praedicavit.

209 1224 378 1297 Ceterum
417 1224 510 1296 tales
542 1224 611 1321 joci
642 1228 798 1296 satiricis
832 1224 1025 1319 Hispaniae
1048 1226 1286 1323 scriptoribus
1308 1251 1384 1299 non

159 1340 403 1438 displicebant
425 1345 484 1437 qui
509 1340 602 1412 fictis
624 1339 679 1411 his
707 1338 816 1411 dictis
841 1337 950 1411 fidem
989 1340 1106 1415 facere
1127 1367 1202 1416 non
1230 1341 1384 1417 multum

158 1456 356 1553 cupiebant
391 1482 458 1529 nec
488 1454 668 1528 mendacii
704 1458 950 1551 suspicionem
994 1459 1245 1532 attentissime·
1272 1457 1385 1556 lugie-

159 1570 249 1643 bant
267 1578 276 1655 t
288 1576 333 1660 r),
360 1570 457 1644 Idem
473 1569 569 1644 enirn
587 1570 702 1668 Rosos
723 1596 789 1643 nos
816 1585 940 1642 monet
963 1573 1175 1668 quindecim
1196 1588 1301 1648 aetus
1321 1576 1383 1671 qui

157 1686 195 1757 in
229 1686 342 1783 prima
371 1686 533 1759 editione
562 1684 646 1757 ficto
667 1686 790 1758 Menae
811 1698 873 1758 aut
893 1685 999 1758 Cotae
1030 1685 1181 1786 dialogo
1208 1688 1384 1787 adjuncta

157 1816 240 1875 sunt
263 1801 474 1899 quindecim
495 1801 624 1875 diebus
653 1800 838 1874 conlectos
871 1826 963 1875 esse.
1000 1802 1122 1896 Quam
1150 1802 1383 1880 velocitatem

157 1922 240 2015 quis
267 1944 340 1990 non
365 1918 585 1990 miraretur?
607 1917 681 1991 Sed
708 1914 831 2014 Rojas3
859 1921 946 2016 quia
976 1917 1065 2016 quid
1083 1918 1383 2018 jurisconsultum

156 2033 300 2108 deceret
319 2038 487 2130 respexit,
508 2059 641 2107 nomen
662 2037 777 2130 primo
798 2032 930 2105 celavit
949 2032 1059 2133 quod,
1075 2049 1271 2136 postquam
1292 2062 1384 2136 opus

157 2150 205 2223 ab
243 2148 413 2222 omnibus
445 2148 632 2223 laudatum
657 2148 759 2238 vidit,
790 2148 920 2221 Alonsi
944 2152 987 2223 de
1012 2153 1159 2225 Proasa
1180 2158 1383 2228 ministerio

157 2265 339 2364 patefecit.
360 2268 393 2339 C
393 2264 549 2338 elestz'na
562 2289 650 2361 ergo
665 2265 712 2336 ab
728 2291 802 2337 uno
818 2278 964 2338 auctore
974 2271 1187 2365 excogitata
1198 2282 1234 2343 et
1248 2273 1383 2368 scripta

157 2393 223 2453 est.
238 2424 288 2439 -
303 2382 389 2475 Quo
404 2395 524 2453 autem
545 2384 670 2452 animo
689 2392 724 2451 et
743 2379 851 2453 rnodo
868 2386 1072 2479 composita
1086 2386 1132 2457 sit
1150 2408 1248 2457 nunc
1264 2378 1383 2483 inqui·

159 2521 291 2570 ramus,

208 2611 280 2684 Alii
302 2616 493 2709 scriptores
511 2611 584 2708 jain
614 2611 658 2683 de
689 2611 795 2684 rebus
815 2610 974 2708 politicis
1010 2618 1141 2688 satiras
1168 2640 1383 2714 composue-

158 2742 239 2800 rant
260 2752 412 2825 quarum
452 2730 655 2801 notissimas
675 2742 759 2802 sunt
799 2758 817 2797 <r
841 2730 1011 2827 Coplas»
1043 2729 1159 2805 illae«
1188 2730 1383 2834 deMingo

155 2846 379 2943 Rearrlgor>3
416 2845 479 2917 alii
501 2860 636 2933 autern,
667 2847 759 2918 sicut
790 2844 900 2945 Juan
932 2846 995 2917 del
1012 2845 1172 2931 Encr'na,
1195 2860 1378 2945 pastomm

155 2944 340 3035 sermones
359 2973 396 3032 et
416 2985 557 3033 amores
571 2959 781 3056 fingebant,
803 2959 919 3061 Rojas
937 2986 1021 3035 vero
1041 2960 1259 3052 nebulones,
1275 2962 1380 3038 lenas

156 3080 433 3175 meretricesque
463 3076 659 3173 producere
696 3088 731 3147 et
759 3074 935 3150 lacessere
952 3074 1066 3150 voluit
1082 3077 1301 3174 quibuscum
1323 3082 1378 3153 in·

155 3194 294 3267 terdum
314 3191 509 3290 juvenilem
540 3206 686 3265 aetatem
718 3191 955 3265 Salmantina
971 3196 1008 3265 in
1037 3192 1184 3267 civitate
1212 3192 1375 3291 degerat.

160 3308 292 3407 lyricis
320 3334 407 3407 ergo
441 3312 558 3405 poetis
591 3306 771 3405 proprium
791 3320 826 3381 et
865 3307 1061 3382 delicatum
1108 3334 1268 3383 amorem
1302 3335 1378 3384 non
1435 3346 1439 3353 ·

156 3425 321 3523 depingit
342 3450 416 3523 quo
432 3424 653 3497 bellissimus
679 3423 739 3496 ille
762 3455 778 3491 «
798 3422 957 3524 Dr‘alogo
974 3434 1077 3498 entre
1094 3426 1133 3497 el
1151 3426 1266 3500 Amor
1277 3452 1309 3527 y
1327 3451 1378 3500 un

158 3539 253 3638 viejo
269 3571 286 3609 s
310 3539 529 3628 illustratur;
552 3539 614 3611 sed
641 3564 724 3613 cum
754 3538 944 3637 cupidines
974 3539 1195 3615 truculentas
1215 3567 1377 3615 necnon
1410 3572 1415 3581 ¹

156 3668 190 3727 et
209 3680 266 3730 res
299 3680 512 3730 communes
539 3654 809 3752 familiaresque
835 3654 1032 3744 diduceret,
1064 3656 1219 3731 fecunda
1256 3670 1378 3731 mente

157 3770 360 3861 instinctus,
398 3796 480 3844 mox
510 3795 683 3867 personas
704 3774 806 3868 quasi
829 3774 990 3843 viventes
1024 3785 1059 3845 et
1092 3771 1270 3869 spirantes
1291 3785 1378 3849 ante

156 3887 280 3961 oculos
313 3886 419 3959 vidit.
445 3886 508 3958 Sic
529 3890 589 3982 qui
611 3884 781 3983 dialogus
816 3878 953 3959 iuturus
974 3912 1053 3960 esse
1080 3889 1275 3984 putabatur
1293 3914 1378 3965 mox

157 4006 191 4075 in
212 4028 335 4077 verum
355 4016 390 4075 et
415 4002 653 4076 dramaticum
670 4026 761 4096 opus
784 4000 993 4075 mutabatur
1008 4001 1106 4100 quod
1125 4028 1189 4101 per
1220 4016 1324 4078 actus
1342 4017 1379 4078 et

156 4144 285 4192 scenas
312 4116 528 4214 descriptum
547 4116 644 4190 nodo
665 4142 780 4191 rerum
811 4120 935 4190 stricto
954 4118 1147 4192 tenebatur
1169 4133 1205 4192 et
1237 4118 1378 4194 flebiles

158 4232 327 4308 movebat
346 4232 509 4307 affectus.
530 4234 770 4331 Quapropter,
790 4246 828 4306 ut
852 4236 930 4329 ipse
950 4232 1067 4330 Rojns
1086 4236 1124 4307 in
1149 4263 1167 4303 <r
1187 4235 1376 4336 Prologus>

157 4349 328 4424 editionis
359 4375 459 4426 anno
495 4349 607 4423 MDll
638 4348 799 4449 vulgatae
827 4361 943 4437 notat,
977 4348 1075 4446 quod
1114 4351 1377 4425 comoediarum

158 4467 268 4541 modo
292 4468 420 4563 incipit
441 4469 478 4537 in
509 4462 726 4561 tragoediam
760 4464 905 4554 desinit,
945 4463 1031 4538 dum
1070 4492 1235 4562 personae
1274 4466 1379 4539 lactis

187 4692 222 4754 (r)
239 4687 281 4749 Cl,
301 4686 370 4737 verbi
383 4686 472 4753 gratia,
491 4686 631 4748 Josefinam
645 4685 716 4736 illam
737 4702 795 4751 quae
817 4702 886 4735 anno
905 4686 1011 4735 Muxx
1031 4686 1056 4735 in
1069 4702 1175 4737 scenam
1191 4687 1314 4753 producta
1329 4696 1377 4738 est.

156 4768 223 4834 Quia
234 4767 325 4841 uiridis
335 4766 460 4819 coloribus
474 4767 567 4817 Micnel
580 4768 611 4817 do
623 4768 734 4831 Carvaja
743 4767 871 4817 lamorem
882 4766 998 4834 depinxit
1006 4765 1069 4818 talia
1080 4782 1109 4835 se
1120 4767 1154 4818 ab
1166 4767 1222 4820 aliis
1234 4776 1378 4828 mutuatum

157 4860 213 4901 esse
228 4848 359 4919 pradicat.
