3475 5609
217 1312 418 1398 Celestina,
460 1337 543 1386 cum
564 1311 684 1386 soluta
702 1315 868 1386 oratione
896 1315 1030 1413 scripta
1048 1328 1158 1404 esset,
1181 1321 1305 1416 magni
1327 1318 1393 1392 luit

165 1431 344 1501 momenti
364 1428 535 1502 omnibus
555 1432 594 1500 in
623 1427 696 1500 illis
721 1429 892 1526 operibus
911 1456 1006 1529 quae,
1029 1431 1142 1530 longa
1170 1447 1232 1507 aut
1252 1434 1390 1528 brevia,

164 1543 358 1617 humilium
371 1556 406 1618 et
420 1543 653 1618 familiarium
669 1570 784 1619 rerum
801 1549 1001 1644 imaginem
1014 1548 1221 1646 legentibus
1236 1551 1394 1647 praebere

163 1675 251 1734 sunt
269 1673 417 1735 conata.
450 1662 534 1736 Non
559 1660 668 1760 igitur
695 1665 825 1735 mirum
858 1676 912 1736 est
940 1668 971 1736 si
998 1671 1249 1763 grammaticis
1269 1667 1392 1742 multis

162 1779 319 1878 primum
340 1779 446 1878 hujus
475 1782 620 1881 generis
645 1779 831 1878 exemplar
849 1806 929 1854 esse
943 1781 1022 1855 visa
1039 1794 1094 1857 est
1114 1782 1211 1882 quod
1227 1785 1275 1857 ab
1308 1787 1391 1859 His·

161 1895 271 1994 panis
310 1894 560 1994 «pz'carescon
595 1907 754 1970 vocatur.
789 1896 1011 1970 Dramaticis
1029 1909 1154 1972 tamen
1175 1903 1212 1972 in
1232 1899 1390 1999 dialogis

161 2015 204 2084 in
232 2011 366 2109 quibus
401 2025 487 2086 ante
519 2011 620 2112 Iope,
642 2013 686 2115 de
725 2013 820 2112 Vaga
853 2015 958 2110 quasi
992 2013 1202 2111 imperfecta
1221 2016 1285 2088 sed
1304 2042 1390 2091 vera

165 2127 362 2202 comoediae
385 2127 523 2226 species
545 2132 721 2226 apparuit,
747 2153 865 2226 pauca
883 2143 968 2202 sunt
999 2155 1080 2227 quae
1108 2154 1183 2204 non
1205 2131 1388 2207 Fernandi

162 2245 209 2316 de
228 2241 343 2343 Rojar
362 2242 572 2318 memoriam
592 2243 780 2317 reducant.
805 2243 915 2336 Quod
936 2257 1159 2342 compertum
1185 2246 1337 2321 habebis
1356 2254 1387 2322 si

163 2359 349 2458 Ecglogas
368 2358 544 2433 evolveris
563 2384 655 2457 quas
668 2359 778 2460 Juan
793 2360 856 2432 del
869 2359 1017 2434 Encina
1032 2360 1265 2437 millesimum
1282 2365 1386 2462 quin-

162 2478 408 2572 gentesimum
429 2487 509 2572 post
528 2499 667 2549 annum
698 2479 819 2548 aetatis
840 2489 971 2549 nostrae
990 2483 1207 2575 composuit.
1231 2477 1309 2554 Nec
1329 2506 1387 2555 me

161 2590 253 2688 fugit
284 2589 387 2663 illum
415 2595 453 2664 in
485 2591 590 2664 ltalia
612 2616 686 2664 non
712 2589 841 2664 frustra
861 2604 1041 2666 moratum
1067 2620 1147 2668 esse
1170 2598 1304 2694 quippe
1322 2602 1385 2695 qui

165 2709 294 2781 Romae
314 2706 393 2780 sine
412 2707 525 2781 dubio
553 2706 769 2781 labularium
797 2733 1031 2805 personarum
1065 2711 1223 2786 studium
1258 2740 1386 2787 conce·
1419 2703 1423 2715 ⁸

159 2828 250 2920 perit
280 2835 315 2896 et
343 2821 494 2896 fortasse
528 2848 688 2896 amorem
719 2823 971 2898 subtilioribus
1008 2826 1198 2900 munditiis
1235 2833 1386 2928 pingere

159 2937 358 3012 edocuerit.
378 2937 471 3011 Cum
487 2942 585 3012 enim
603 2938 747 3037 Cupido
768 2939 928 3012 Febeam
944 2940 992 3012 ab
1006 2938 1134 3015 inferis
1154 2949 1291 3017 excitat
1313 2947 1381 3041 (1),

158 3067 194 3128 et
221 3055 349 3130 Venus
382 3053 587 3129 lacrimanti
620 3054 768 3154 jamque
797 3055 968 3130 morituro
994 3056 1116 3155 juveni
1150 3074 1300 3157 apparet
1325 3065 1383 3135 cui

160 3193 244 3244 mox
259 3171 461 3244 Mercurius
480 3170 651 3244 dilectam
672 3171 831 3269 puellam
852 3170 898 3245 ad
927 3176 1040 3246 vitam
1063 3187 1269 3248 revocatam
1299 3175 1384 3249 rele-

158 3301 210 3360 ret
233 3288 302 3384 (a),
338 3313 463 3361 nonne
491 3287 723 3363 manifestum
752 3300 806 3363 est
844 3289 931 3364 deos
962 3315 1091 3364 omnes
1124 3289 1254 3365 illose
1291 3307 1386 3366 terra

157 3407 301 3477 venisse
320 3405 357 3475 in
375 3428 447 3501 qua
462 3429 603 3502 semper
620 3403 818 3479 floruerunt
831 3407 861 3479 i·
874 3405 983 3480 Haud
1021 3405 1172 3480 aliunde
1203 3408 1384 3505 proiectus

156 3531 210 3593 est
241 3519 438 3610 Cardenio,
469 3524 546 3619 qui,
574 3520 612 3593 in
640 3522 804 3619 Ecgloga
825 3551 845 3591 «
861 3523 899 3596 F
900 3520 997 3595 ileno
1016 3551 1036 3593 >›
1056 3524 1243 3621 inscripta,
1265 3524 1384 3599 verbis

155 3638 267 3709 utitur
297 3635 345 3707 ad
379 3636 569 3710 mulierum
608 3636 754 3711 laudern
784 3636 1057 3736 suscipiendam
1084 3664 1164 3737 quae
1196 3641 1382 3713 Petrarcbi

154 3749 280 3848 spiritu
295 3749 419 3825 afflata
433 3777 512 3826 esse
532 3752 728 3827 videntur?

203 3866 354 3941 Nullum
369 3881 493 3941 tamen
513 3872 723 3967 scriptorem
746 3874 865 3967 magis
882 3869 992 3970 Juan
1010 3871 1075 3943 del
1093 3870 1242 3944 Encina
1261 3875 1381 3946 imita·

155 3995 214 4055 tus
228 3995 285 4054 est
318 4008 429 4080 quarn
465 3983 695 4058 Fernandum
729 3987 772 4056 de
802 3985 928 4082 Rosos,
953 3985 1161 4060 novissimis
1186 3987 1318 4060 saltem
1344 3987 1395 4061 in·

152 4101 229 4171 suis
251 4098 437 4196 Ecglogis.
462 4099 575 4197 Cujus
603 4126 677 4173 non
696 4100 814 4173 solurn
847 4105 1007 4191 virtutes,
1049 4101 1113 4176 sed
1147 4107 1260 4176 etiarn
1294 4103 1381 4179 vitia
1427 4160 1430 4171 .

153 4218 341 4312 expressit,
366 4219 454 4302 sive,
479 4239 553 4288 non
573 4220 654 4290 sine
672 4215 849 4314 jactantia
881 4217 1018 4316 aliqua,
1055 4217 1248 4294 molestam
1263 4233 1382 4296 osten·

96 4407 101 4427 Ι
153 4333 245 4405 tavit
279 4331 534 4420 eruditionem,
570 4331 644 4406 sive
664 4336 816 4408 curiosis
840 4346 876 4406 et
896 4336 1006 4408 nimis
1039 4338 1232 4434 exquisitis
1261 4335 1385 4412 verbis

153 4450 401 4546 potiusquam
421 4447 575 4548 propriis
605 4465 639 4523 et
668 4448 895 4548 simplicibus
914 4475 1002 4529 usus
1020 4463 1087 4541 est,
1120 4455 1196 4526 sive
1225 4452 1382 4550 denique

184 4669 193 4730 l
197 4669 219 4732 1)
236 4659 339 4732 Egloga
352 4671 478 4722 cristino.

177 4745 217 4816 12)
232 4739 335 4814 Egloga
346 4752 456 4802 Placido
463 4769 484 4816 y
500 4753 642 4804 Vitorions.
