<?xml version="1.0" encoding="UTF-8"?>
<!DOCTYPE html PUBLIC "-//W3C//DTD XHTML 1.0 Transitional//EN"
    "http://www.w3.org/TR/xhtml1/DTD/xhtml1-transitional.dtd">
<html xmlns="http://www.w3.org/1999/xhtml" xml:lang="en" lang="en">
 <head>
  <title>
</title>
<meta http-equiv="Content-Type" content="text/html;charset=utf-8" />
  <meta name='ocr-system' content='tesseract 3.04.00' />
  <meta name='ocr-capabilities' content='ocr_page ocr_carea ocr_par ocr_line ocrx_word'/>
</head>
<body>
  <div class='ocr_page' id='page_1' title='image "./quatenus00unkngoog_0100.png"; bbox 0 0 3475 5609; ppageno 0'>
   <div class='ocr_carea' id='block_1_1' title="bbox 160 547 1393 4384">
    <p class='ocr_par' dir='ltr' id='par_1_1' title="bbox 700 547 859 614">
     <span class='ocr_line' id='line_1_1' title="bbox 700 547 859 614; baseline 0 -35"><span class='ocrx_word' id='word_1_1' title='bbox 700 565 740 579; x_wconf 85' lang='lat'>—</span> <span class='ocrx_word' id='word_1_2' title='bbox 759 547 799 614; x_wconf 56' lang='lat' dir='ltr'><strong>m</strong></span> <span class='ocrx_word' id='word_1_3' title='bbox 820 565 859 579; x_wconf 79' lang='grc' dir='ltr'>ι-</span> 
     </span>
    </p>

    <p class='ocr_par' dir='ltr' id='par_1_2' title="bbox 160 686 1393 3337">
     <span class='ocr_line' id='line_1_2' title="bbox 169 686 1393 792; baseline 0.006 -32"><span class='ocrx_word' id='word_1_4' title='bbox 169 693 315 762; x_wconf 90' lang='lat' dir='ltr'>maticis</span> <span class='ocrx_word' id='word_1_5' title='bbox 335 716 419 763; x_wconf 90' lang='lat' dir='ltr'>vero</span> <span class='ocrx_word' id='word_1_6' title='bbox 435 689 571 762; x_wconf 89' lang='lat' dir='ltr'>italicis</span> <span class='ocrx_word' id='word_1_7' title='bbox 586 717 660 762; x_wconf 91' lang='lat' dir='ltr'>non</span> <span class='ocrx_word' id='word_1_8' title='bbox 683 694 801 764; x_wconf 87' lang='lat' dir='ltr'>minus</span> <span class='ocrx_word' id='word_1_9' title='bbox 822 717 933 790; x_wconf 90' lang='lat' dir='ltr'>quam</span> <span class='ocrx_word' id='word_1_10' title='bbox 962 686 1078 789; x_wconf 74' lang='lat' dir='ltr'>poetis</span> <span class='ocrx_word' id='word_1_11' title='bbox 1093 693 1249 792; x_wconf 83' lang='lat' dir='ltr'>gratiam</span> <span class='ocrx_word' id='word_1_12' title='bbox 1265 690 1393 767; x_wconf 88' lang='lat' dir='ltr'>relerre</span> 
     </span>
     <span class='ocr_line' id='line_1_3' title="bbox 168 801 1393 907; baseline 0.007 -34"><span class='ocrx_word' id='word_1_13' title='bbox 168 801 292 877; x_wconf 90' lang='lat' dir='ltr'>debet.</span> <span class='ocrx_word' id='word_1_14' title='bbox 316 806 460 878; x_wconf 84' lang='lat' dir='ltr'>Etenim</span> <span class='ocrx_word' id='word_1_15' title='bbox 477 804 524 878; x_wconf 88' lang='lat' dir='ltr'>ab</span> <span class='ocrx_word' id='word_1_16' title='bbox 540 808 592 878; x_wconf 87' lang='lat' dir='ltr'>eis</span> <span class='ocrx_word' id='word_1_17' title='bbox 614 810 664 879; x_wconf 91' lang='lat' dir='ltr'>ita</span> <span class='ocrx_word' id='word_1_18' title='bbox 686 806 895 880; x_wconf 71' lang='lat' dir='ltr'>dramaticon</span> <span class='ocrx_word' id='word_1_19' title='bbox 920 811 1008 880; x_wconf 87' lang='lat' dir='ltr'>artis</span> <span class='ocrx_word' id='word_1_20' title='bbox 1032 819 1213 907; x_wconf 79' lang='lat' dir='ltr'>praecepta</span> <span class='ocrx_word' id='word_1_21' title='bbox 1242 806 1393 882; x_wconf 88' lang='lat' dir='ltr'>edoctus</span> 
     </span>
     <span class='ocr_line' id='line_1_4' title="bbox 166 920 1391 1023; baseline 0.004 -33"><span class='ocrx_word' id='word_1_22' title='bbox 166 931 222 992; x_wconf 90' lang='lat' dir='ltr'>est</span> <span class='ocrx_word' id='word_1_23' title='bbox 238 933 276 992; x_wconf 96' lang='lat' dir='ltr'>ut</span> <span class='ocrx_word' id='word_1_24' title='bbox 291 920 439 1018; x_wconf 78' lang='lat' dir='ltr'>dialogo</span> <span class='ocrx_word' id='word_1_25' title='bbox 470 947 555 994; x_wconf 88' lang='lat' dir='ltr'>usus</span> <span class='ocrx_word' id='word_1_26' title='bbox 581 923 626 995; x_wconf 91' lang='lat' dir='ltr'>sit</span> <span class='ocrx_word' id='word_1_27' title='bbox 655 923 716 1020; x_wconf 89' lang='lat' dir='ltr'>qui</span> <span class='ocrx_word' id='word_1_28' title='bbox 738 950 817 1011; x_wconf 89' lang='lat' dir='ltr'>nec,</span> <span class='ocrx_word' id='word_1_29' title='bbox 841 926 984 996; x_wconf 90' lang='lat' dir='ltr'>sicutin</span> <span class='ocrx_word' id='word_1_30' title='bbox 1001 922 1181 1020; x_wconf 84' lang='lat' dir='ltr'>prioribus</span> <span class='ocrx_word' id='word_1_31' title='bbox 1202 921 1391 1023; x_wconf 89' lang='lat' dir='ltr'>Ecglogis,</span> 
     </span>
     <span class='ocr_line' id='line_1_5' title="bbox 164 1035 1391 1136; baseline 0.006 -31"><span class='ocrx_word' id='word_1_32' title='bbox 164 1035 310 1122; x_wconf 87' lang='lat' dir='ltr'>exilior,</span> <span class='ocrx_word' id='word_1_33' title='bbox 334 1063 400 1110; x_wconf 89' lang='lat' dir='ltr'>nec</span> <span class='ocrx_word' id='word_1_34' title='bbox 421 1043 515 1111; x_wconf 88' lang='lat' dir='ltr'>sicut</span> <span class='ocrx_word' id='word_1_35' title='bbox 540 1043 577 1110; x_wconf 90' lang='lat' dir='ltr'>in</span> <span class='ocrx_word' id='word_1_36' title='bbox 599 1039 800 1126; x_wconf 81' lang='lat' dir='ltr'>Celestiua,</span> <span class='ocrx_word' id='word_1_37' title='bbox 822 1043 976 1112; x_wconf 89' lang='lat' dir='ltr'>nimium</span> <span class='ocrx_word' id='word_1_38' title='bbox 993 1043 1163 1136; x_wconf 87' lang='lat' dir='ltr'>copiosus</span> <span class='ocrx_word' id='word_1_39' title='bbox 1193 1057 1230 1112; x_wconf 89' lang='lat' dir='ltr'>et</span> <span class='ocrx_word' id='word_1_40' title='bbox 1260 1038 1391 1113; x_wconf 90' lang='lat' dir='ltr'>redun-</span> 
     </span>
     <span class='ocr_line' id='line_1_6' title="bbox 165 1151 1391 1253; baseline 0.006 -31"><span class='ocrx_word' id='word_1_41' title='bbox 165 1151 261 1224; x_wconf 91' lang='lat' dir='ltr'>dans</span> <span class='ocrx_word' id='word_1_42' title='bbox 277 1177 356 1226; x_wconf 90' lang='lat' dir='ltr'>esse</span> <span class='ocrx_word' id='word_1_43' title='bbox 376 1154 527 1243; x_wconf 84' lang='lat' dir='ltr'>videtur,</span> <span class='ocrx_word' id='word_1_44' title='bbox 552 1154 818 1252; x_wconf 65' lang='lat' dir='ltr'>comoediaeque</span> <span class='ocrx_word' id='word_1_45' title='bbox 839 1155 1087 1253; x_wconf 86' lang='lat' dir='ltr'>hispaniensis</span> <span class='ocrx_word' id='word_1_46' title='bbox 1107 1167 1231 1252; x_wconf 87' lang='lat' dir='ltr'>aptam</span> <span class='ocrx_word' id='word_1_47' title='bbox 1247 1180 1391 1252; x_wconf 82' lang='lat' dir='ltr'>compo</span> 
     </span>
     <span class='ocr_line' id='line_1_7' title="bbox 164 1267 1393 1369; baseline 0.003 -30"><span class='ocrx_word' id='word_1_48' title='bbox 164 1267 336 1341; x_wconf 89' lang='lat' dir='ltr'>sitionem</span> <span class='ocrx_word' id='word_1_49' title='bbox 355 1290 391 1344; x_wconf 91' lang='lat' dir='ltr'>et</span> <span class='ocrx_word' id='word_1_50' title='bbox 413 1297 533 1344; x_wconf 87' lang='lat' dir='ltr'>veram</span> <span class='ocrx_word' id='word_1_51' title='bbox 554 1270 706 1343; x_wconf 85' lang='lat' dir='ltr'>lormam</span> <span class='ocrx_word' id='word_1_52' title='bbox 734 1275 871 1368; x_wconf 89' lang='lat' dir='ltr'>primus</span> <span class='ocrx_word' id='word_1_53' title='bbox 893 1269 1133 1369; x_wconf 83' lang='lat' dir='ltr'>descripserit.</span> <span class='ocrx_word' id='word_1_54' title='bbox 1157 1268 1393 1369; x_wconf 81' lang='lat' dir='ltr'>Propaladiae</span> 
     </span>
     <span class='ocr_line' id='line_1_8' title="bbox 166 1385 1391 1484; baseline 0.006 -33"><span class='ocrx_word' id='word_1_55' title='bbox 166 1389 457 1480; x_wconf 76' lang='lat' dir='ltr'>«prooemium»</span> <span class='ocrx_word' id='word_1_56' title='bbox 479 1391 507 1460; x_wconf 91' lang='lat' dir='ltr'>si</span> <span class='ocrx_word' id='word_1_57' title='bbox 542 1386 729 1476; x_wconf 89' lang='lat' dir='ltr'>evolveris,</span> <span class='ocrx_word' id='word_1_58' title='bbox 760 1387 966 1460; x_wconf 83' lang='lat' dir='ltr'>Aristotelis</span> <span class='ocrx_word' id='word_1_59' title='bbox 1000 1385 1168 1483; x_wconf 77' lang='lat' dir='ltr'>discipuli</span> <span class='ocrx_word' id='word_1_60' title='bbox 1203 1385 1391 1484; x_wconf 87' lang='lat' dir='ltr'>cujusdam</span> 
     </span>
     <span class='ocr_line' id='line_1_9' title="bbox 164 1501 1390 1600; baseline 0 -26"><span class='ocrx_word' id='word_1_61' title='bbox 164 1507 431 1576; x_wconf 91' lang='lat' dir='ltr'>commentaria</span> <span class='ocrx_word' id='word_1_62' title='bbox 451 1507 489 1574; x_wconf 91' lang='lat' dir='ltr'>in</span> <span class='ocrx_word' id='word_1_63' title='bbox 512 1502 679 1575; x_wconf 89' lang='lat' dir='ltr'>manibus</span> <span class='ocrx_word' id='word_1_64' title='bbox 700 1501 833 1575; x_wconf 91' lang='lat' dir='ltr'>habere</span> <span class='ocrx_word' id='word_1_65' title='bbox 863 1502 1024 1600; x_wconf 88' lang='lat' dir='ltr'>putabis.</span> <span class='ocrx_word' id='word_1_66' title='bbox 1055 1501 1257 1576; x_wconf 85' lang='lat' dir='ltr'>Comoediae</span> <span class='ocrx_word' id='word_1_67' title='bbox 1292 1505 1390 1575; x_wconf 91' lang='lat' dir='ltr'>enim</span> 
     </span>
     <span class='ocr_line' id='line_1_10' title="bbox 164 1617 1390 1716; baseline 0 -25"><span class='ocrx_word' id='word_1_68' title='bbox 164 1634 323 1702; x_wconf 86' lang='lat' dir='ltr'>quatuor</span> <span class='ocrx_word' id='word_1_69' title='bbox 341 1643 419 1692; x_wconf 90' lang='lat' dir='ltr'>esse</span> <span class='ocrx_word' id='word_1_70' title='bbox 441 1631 558 1716; x_wconf 85' lang='lat' dir='ltr'>partes</span> <span class='ocrx_word' id='word_1_71' title='bbox 582 1619 711 1691; x_wconf 85' lang='lat' dir='ltr'>Torres</span> <span class='ocrx_word' id='word_1_72' title='bbox 736 1619 909 1692; x_wconf 76' lang='lat' dir='ltr'>Naharro</span> <span class='ocrx_word' id='word_1_73' title='bbox 941 1617 1097 1691; x_wconf 80' lang='lat' dir='ltr'>affirmat</span> <span class='ocrx_word' id='word_1_74' title='bbox 1130 1618 1286 1716; x_wconf 86' lang='lat' dir='ltr'>(scilicet</span> <span class='ocrx_word' id='word_1_75' title='bbox 1310 1643 1390 1716; x_wconf 93' lang='lat' dir='ltr'>pro·</span> 
     </span>
     <span class='ocr_line' id='line_1_11' title="bbox 163 1718 1391 1832; baseline 0.002 -27"><span class='ocrx_word' id='word_1_76' title='bbox 163 1732 312 1821; x_wconf 83' lang='lat' dir='ltr'>thesim,</span> <span class='ocrx_word' id='word_1_77' title='bbox 341 1734 623 1831; x_wconf 82' lang='lat' dir='ltr'>catastropham.</span> <span class='ocrx_word' id='word_1_78' title='bbox 658 1733 848 1830; x_wconf 84' lang='lat' dir='ltr'>prologum</span> <span class='ocrx_word' id='word_1_79' title='bbox 865 1746 902 1807; x_wconf 86' lang='lat' dir='ltr'>et</span> <span class='ocrx_word' id='word_1_80' title='bbox 929 1718 1150 1831; x_wconf 82' lang='lat' dir='ltr'>epithasim),</span> <span class='ocrx_word' id='word_1_81' title='bbox 1176 1733 1391 1832; x_wconf 84' lang='lat' dir='ltr'>nullamque</span> 
     </span>
     <span class='ocr_line' id='line_1_12' title="bbox 162 1848 1389 1949; baseline 0.002 -27"><span class='ocrx_word' id='word_1_82' title='bbox 162 1848 361 1946; x_wconf 84' lang='lat' dir='ltr'>perlectam</span> <span class='ocrx_word' id='word_1_83' title='bbox 383 1876 462 1923; x_wconf 88' lang='lat' dir='ltr'>esse</span> <span class='ocrx_word' id='word_1_84' title='bbox 483 1849 643 1923; x_wconf 88' lang='lat' dir='ltr'>labulam</span> <span class='ocrx_word' id='word_1_85' title='bbox 664 1850 837 1948; x_wconf 77' lang='lat' dir='ltr'>praedicat</span> <span class='ocrx_word' id='word_1_86' title='bbox 853 1877 935 1949; x_wconf 87' lang='lat' dir='ltr'>quae</span> <span class='ocrx_word' id='word_1_87' title='bbox 956 1876 1070 1923; x_wconf 89' lang='lat' dir='ltr'>none</span> <span class='ocrx_word' id='word_1_88' title='bbox 1098 1853 1263 1949; x_wconf 91' lang='lat' dir='ltr'>quinque</span> <span class='ocrx_word' id='word_1_89' title='bbox 1283 1875 1389 1924; x_wconf 90' lang='lat' dir='ltr'>cons·</span> 
     </span>
     <span class='ocr_line' id='line_1_13' title="bbox 163 1965 1389 2066; baseline 0.004 -31"><span class='ocrx_word' id='word_1_90' title='bbox 163 1977 216 2036; x_wconf 90' lang='lat' dir='ltr'>tet</span> <span class='ocrx_word' id='word_1_91' title='bbox 237 1965 392 2040; x_wconf 87' lang='lat' dir='ltr'>actibus.</span> <span class='ocrx_word' id='word_1_92' title='bbox 417 1966 538 2059; x_wconf 85' lang='lat' dir='ltr'>Quam</span> <span class='ocrx_word' id='word_1_93' title='bbox 560 1966 793 2063; x_wconf 86' lang='lat' dir='ltr'>disciplinam</span> <span class='ocrx_word' id='word_1_94' title='bbox 817 1966 982 2064; x_wconf 81' lang='lat' dir='ltr'>frangere</span> <span class='ocrx_word' id='word_1_95' title='bbox 1001 1965 1094 2066; x_wconf 81' lang='lat' dir='ltr'>Lupe</span> <span class='ocrx_word' id='word_1_96' title='bbox 1116 1969 1160 2040; x_wconf 81' lang='lat' dir='ltr'>de</span> <span class='ocrx_word' id='word_1_97' title='bbox 1181 1967 1279 2066; x_wconf 80' lang='lat' dir='ltr'>Vaga</span> <span class='ocrx_word' id='word_1_98' title='bbox 1297 1965 1389 2064; x_wconf 87' lang='lat' dir='ltr'>ejus·</span> 
     </span>
     <span class='ocr_line' id='line_1_14' title="bbox 163 2079 1389 2180; baseline 0.004 -28"><span class='ocrx_word' id='word_1_99' title='bbox 163 2104 235 2176; x_wconf 92' lang='lat' dir='ltr'>que</span> <span class='ocrx_word' id='word_1_100' title='bbox 266 2079 436 2179; x_wconf 88' lang='lat' dir='ltr'>discipuli</span> <span class='ocrx_word' id='word_1_101' title='bbox 454 2109 527 2154; x_wconf 92' lang='lat' dir='ltr'>non</span> <span class='ocrx_word' id='word_1_102' title='bbox 548 2082 783 2168; x_wconf 83' lang='lat' dir='ltr'>dubitabunt,</span> <span class='ocrx_word' id='word_1_103' title='bbox 818 2082 882 2154; x_wconf 90' lang='lat' dir='ltr'>sed</span> <span class='ocrx_word' id='word_1_104' title='bbox 916 2082 1013 2157; x_wconf 88' lang='lat' dir='ltr'>haud</span> <span class='ocrx_word' id='word_1_105' title='bbox 1048 2082 1184 2177; x_wconf 80' lang='lat' dir='ltr'>majore</span> <span class='ocrx_word' id='word_1_106' title='bbox 1204 2086 1241 2154; x_wconf 94' lang='lat' dir='ltr'>in</span> <span class='ocrx_word' id='word_1_107' title='bbox 1270 2086 1389 2180; x_wconf 88' lang='lat' dir='ltr'>spatio</span> 
     </span>
     <span class='ocr_line' id='line_1_15' title="bbox 163 2195 1386 2296; baseline 0.002 -30"><span class='ocrx_word' id='word_1_108' title='bbox 163 2219 231 2268; x_wconf 88' lang='lat' dir='ltr'>sua</span> <span class='ocrx_word' id='word_1_109' title='bbox 251 2195 444 2270; x_wconf 89' lang='lat' dir='ltr'>includent</span> <span class='ocrx_word' id='word_1_110' title='bbox 476 2222 596 2294; x_wconf 87' lang='lat' dir='ltr'>opera.</span> <span class='ocrx_word' id='word_1_111' title='bbox 634 2195 834 2270; x_wconf 90' lang='lat' dir='ltr'>Plurimum</span> <span class='ocrx_word' id='word_1_112' title='bbox 864 2199 1075 2296; x_wconf 86' lang='lat' dir='ltr'>ceteroquin</span> <span class='ocrx_word' id='word_1_113' title='bbox 1100 2196 1337 2295; x_wconf 81' lang='lat' dir='ltr'>proiecissent</span> <span class='ocrx_word' id='word_1_114' title='bbox 1357 2201 1386 2271; x_wconf 94' lang='lat' dir='ltr'>si</span> 
     </span>
     <span class='ocr_line' id='line_1_16' title="bbox 165 2311 1389 2411; baseline 0.004 -28"><span class='ocrx_word' id='word_1_115' title='bbox 165 2311 387 2385; x_wconf 88' lang='lat' dir='ltr'>Bartolomei</span> <span class='ocrx_word' id='word_1_116' title='bbox 423 2313 579 2386; x_wconf 88' lang='lat' dir='ltr'>consilio</span> <span class='ocrx_word' id='word_1_117' title='bbox 598 2317 815 2411; x_wconf 86' lang='lat' dir='ltr'>paruissent,</span> <span class='ocrx_word' id='word_1_118' title='bbox 848 2337 1157 2411; x_wconf 79' lang='lat' dir='ltr'>personantmque</span> <span class='ocrx_word' id='word_1_119' title='bbox 1190 2325 1227 2386; x_wconf 92' lang='lat' dir='ltr'>et</span> <span class='ocrx_word' id='word_1_120' title='bbox 1252 2324 1389 2411; x_wconf 93' lang='lat' dir='ltr'>tempo·</span> 
     </span>
     <span class='ocr_line' id='line_1_17' title="bbox 165 2427 1389 2527; baseline 0.004 -30"><span class='ocrx_word' id='word_1_121' title='bbox 165 2451 243 2500; x_wconf 94' lang='lat' dir='ltr'>rum</span> <span class='ocrx_word' id='word_1_122' title='bbox 264 2433 458 2525; x_wconf 79' lang='lat' dir='ltr'>aequiorem</span> <span class='ocrx_word' id='word_1_123' title='bbox 476 2430 665 2503; x_wconf 88' lang='lat' dir='ltr'>duxissent</span> <span class='ocrx_word' id='word_1_124' title='bbox 688 2433 865 2503; x_wconf 91' lang='lat' dir='ltr'>rationem</span> <span class='ocrx_word' id='word_1_125' title='bbox 891 2465 898 2501; x_wconf 85' lang='grc'><strong>;</strong></span> <span class='ocrx_word' id='word_1_126' title='bbox 923 2459 941 2498; x_wconf 84' lang='grc'>&lt;&lt;</span> <span class='ocrx_word' id='word_1_127' title='bbox 964 2429 1020 2502; x_wconf 90' lang='lat' dir='ltr'>Ne</span> <span class='ocrx_word' id='word_1_128' title='bbox 1040 2427 1127 2527; x_wconf 94' lang='lat' dir='ltr'>quid</span> <span class='ocrx_word' id='word_1_129' title='bbox 1148 2453 1271 2504; x_wconf 83' lang='lat' dir='ltr'>servus</span> <span class='ocrx_word' id='word_1_130' title='bbox 1289 2429 1389 2504; x_wconf 88' lang='lat' dir='ltr'>dicat</span> 
     </span>
     <span class='ocr_line' id='line_1_18' title="bbox 163 2541 1384 2644; baseline 0.003 -30"><span class='ocrx_word' id='word_1_131' title='bbox 163 2557 227 2616; x_wconf 90' lang='lat' dir='ltr'>aut</span> <span class='ocrx_word' id='word_1_132' title='bbox 247 2541 358 2618; x_wconf 82' lang='lat' dir='ltr'>iaciat</span> <span class='ocrx_word' id='word_1_133' title='bbox 378 2543 476 2644; x_wconf 91' lang='lat' dir='ltr'>quod</span> <span class='ocrx_word' id='word_1_134' title='bbox 497 2545 636 2618; x_wconf 90' lang='lat' dir='ltr'>domini</span> <span class='ocrx_word' id='word_1_135' title='bbox 654 2549 834 2642; x_wconf 91' lang='lat' dir='ltr'>proprium</span> <span class='ocrx_word' id='word_1_136' title='bbox 855 2547 913 2633; x_wconf 92' lang='lat' dir='ltr'>sit,</span> <span class='ocrx_word' id='word_1_137' title='bbox 939 2569 1007 2617; x_wconf 92' lang='lat' dir='ltr'>nec</span> <span class='ocrx_word' id='word_1_138' title='bbox 1029 2547 1116 2618; x_wconf 90' lang='lat' dir='ltr'>item</span> <span class='ocrx_word' id='word_1_139' title='bbox 1137 2557 1277 2618; x_wconf 86' lang='lat' dir='ltr'>contra.</span> <span class='ocrx_word' id='word_1_140' title='bbox 1302 2545 1384 2642; x_wconf 83' lang='lat'><strong>›&gt;(1)</strong></span> 
     </span>
     <span class='ocr_line' id='line_1_19' title="bbox 163 2659 1388 2761; baseline 0.001 -29"><span class='ocrx_word' id='word_1_141' title='bbox 163 2659 422 2732; x_wconf 85' lang='lat' dir='ltr'>Grammaticis</span> <span class='ocrx_word' id='word_1_142' title='bbox 438 2664 549 2733; x_wconf 90' lang='lat' dir='ltr'>etiam</span> <span class='ocrx_word' id='word_1_143' title='bbox 569 2661 600 2732; x_wconf 87' lang='lat' dir='ltr'><em>T</em></span> <span class='ocrx_word' id='word_1_144' title='bbox 595 2687 698 2733; x_wconf 78' lang='lat' dir='ltr'>orrea</span> <span class='ocrx_word' id='word_1_145' title='bbox 709 2661 881 2734; x_wconf 77' lang='lat' dir='ltr'>Naharro</span> <span class='ocrx_word' id='word_1_146' title='bbox 893 2660 1153 2758; x_wconf 90' lang='lat' dir='ltr'>obtemperata</span> <span class='ocrx_word' id='word_1_147' title='bbox 1167 2660 1301 2761; x_wconf 90' lang='lat' dir='ltr'>quibus</span> <span class='ocrx_word' id='word_1_148' title='bbox 1313 2685 1388 2733; x_wconf 90' lang='lat' dir='ltr'>uno</span> 
     </span>
     <span class='ocr_line' id='line_1_20' title="bbox 161 2773 1386 2875; baseline 0.002 -29"><span class='ocrx_word' id='word_1_149' title='bbox 161 2787 200 2847; x_wconf 93' lang='lat' dir='ltr'>et</span> <span class='ocrx_word' id='word_1_150' title='bbox 217 2773 299 2848; x_wconf 86' lang='lat' dir='ltr'>loco</span> <span class='ocrx_word' id='word_1_151' title='bbox 318 2787 355 2848; x_wconf 91' lang='lat' dir='ltr'>et</span> <span class='ocrx_word' id='word_1_152' title='bbox 370 2788 529 2874; x_wconf 90' lang='lat' dir='ltr'>ternpore</span> <span class='ocrx_word' id='word_1_153' title='bbox 549 2775 675 2849; x_wconf 91' lang='lat' dir='ltr'>utendi</span> <span class='ocrx_word' id='word_1_154' title='bbox 704 2779 903 2850; x_wconf 87' lang='lat' dir='ltr'>necessitas</span> <span class='ocrx_word' id='word_1_155' title='bbox 919 2775 1061 2849; x_wconf 89' lang='lat' dir='ltr'>comico</span> <span class='ocrx_word' id='word_1_156' title='bbox 1079 2790 1195 2875; x_wconf 83' lang='lat' dir='ltr'>poetae</span> <span class='ocrx_word' id='word_1_157' title='bbox 1214 2778 1386 2875; x_wconf 87' lang='lat' dir='ltr'>imposita</span> 
     </span>
     <span class='ocr_line' id='line_1_21' title="bbox 160 2889 1380 2991; baseline 0.002 -29"><span class='ocrx_word' id='word_1_158' title='bbox 160 2903 228 2963; x_wconf 91' lang='lat' dir='ltr'>est.</span> <span class='ocrx_word' id='word_1_159' title='bbox 251 2889 436 2963; x_wconf 82' lang='lat' dir='ltr'>Divinam</span> <span class='ocrx_word' id='word_1_160' title='bbox 454 2890 562 2991; x_wconf 88' lang='lat' dir='ltr'>igitur</span> <span class='ocrx_word' id='word_1_161' title='bbox 581 2916 684 2964; x_wconf 90' lang='lat' dir='ltr'>suam</span> <span class='ocrx_word' id='word_1_162' title='bbox 705 2890 741 2963; x_wconf 91' lang='lat' dir='ltr'>in</span> <span class='ocrx_word' id='word_1_163' title='bbox 761 2889 947 2988; x_wconf 90' lang='lat' dir='ltr'>publicam</span> <span class='ocrx_word' id='word_1_164' title='bbox 960 2895 1058 2964; x_wconf 91' lang='lat' dir='ltr'>viam</span> <span class='ocrx_word' id='word_1_165' title='bbox 1070 2890 1208 2966; x_wconf 88' lang='lat' dir='ltr'>inducit</span> <span class='ocrx_word' id='word_1_166' title='bbox 1224 2917 1270 2966; x_wconf 91' lang='lat' dir='ltr'>ne</span> <span class='ocrx_word' id='word_1_167' title='bbox 1285 2895 1380 2989; x_wconf 92' lang='lat' dir='ltr'>prio-</span> 
     </span>
     <span class='ocr_line' id='line_1_22' title="bbox 160 3007 1383 3105; baseline 0.001 -27"><span class='ocrx_word' id='word_1_168' title='bbox 160 3029 238 3078; x_wconf 90' lang='lat' dir='ltr'>rum</span> <span class='ocrx_word' id='word_1_169' title='bbox 254 3030 490 3103; x_wconf 85' lang='lat' dir='ltr'>personamm</span> <span class='ocrx_word' id='word_1_170' title='bbox 507 3007 632 3081; x_wconf 89' lang='lat' dir='ltr'>sedem</span> <span class='ocrx_word' id='word_1_171' title='bbox 648 3019 775 3095; x_wconf 88' lang='lat' dir='ltr'>mutet,</span> <span class='ocrx_word' id='word_1_172' title='bbox 797 3009 852 3105; x_wconf 82' lang='lat' dir='ltr'>(a)</span> <span class='ocrx_word' id='word_1_173' title='bbox 869 3032 937 3079; x_wconf 91' lang='lat' dir='ltr'>nec</span> <span class='ocrx_word' id='word_1_174' title='bbox 957 3011 996 3080; x_wconf 93' lang='lat' dir='ltr'>in</span> <span class='ocrx_word' id='word_1_175' title='bbox 1025 3008 1209 3082; x_wconf 81' lang='lat' dir='ltr'>comoedia</span> <span class='ocrx_word' id='word_1_176' title='bbox 1227 3009 1383 3098; x_wconf 85' lang='lat' dir='ltr'>Imenea,</span> 
     </span>
     <span class='ocr_line' id='line_1_23' title="bbox 161 3121 1387 3223; baseline 0.002 -29"><span class='ocrx_word' id='word_1_177' title='bbox 161 3135 215 3196; x_wconf 93' lang='lat' dir='ltr'>tot</span> <span class='ocrx_word' id='word_1_178' title='bbox 243 3136 280 3196; x_wconf 91' lang='lat' dir='ltr'>et</span> <span class='ocrx_word' id='word_1_179' title='bbox 312 3135 387 3197; x_wconf 89' lang='lat' dir='ltr'>tam</span> <span class='ocrx_word' id='word_1_180' title='bbox 417 3122 576 3197; x_wconf 89' lang='lat' dir='ltr'>mirificis</span> <span class='ocrx_word' id='word_1_181' title='bbox 608 3123 715 3198; x_wconf 86' lang='lat' dir='ltr'>rebus</span> <span class='ocrx_word' id='word_1_182' title='bbox 735 3121 939 3221; x_wconf 86' lang='lat' dir='ltr'>implicata,</span> <span class='ocrx_word' id='word_1_183' title='bbox 959 3122 1041 3223; x_wconf 91' lang='lat' dir='ltr'>plus</span> <span class='ocrx_word' id='word_1_184' title='bbox 1073 3125 1258 3198; x_wconf 90' lang='lat' dir='ltr'>consumit</span> <span class='ocrx_word' id='word_1_185' title='bbox 1277 3147 1387 3222; x_wconf 90' lang='lat' dir='ltr'>quam</span> 
     </span>
     <span class='ocr_line' id='line_1_24' title="bbox 161 3238 651 3337; baseline 0.002 -27"><span class='ocrx_word' id='word_1_186' title='bbox 161 3238 292 3335; x_wconf 87' lang='lat' dir='ltr'>viginti</span> <span class='ocrx_word' id='word_1_187' title='bbox 308 3251 344 3312; x_wconf 89' lang='lat' dir='ltr'>et</span> <span class='ocrx_word' id='word_1_188' title='bbox 365 3251 519 3337; x_wconf 90' lang='lat' dir='ltr'>quatuor</span> <span class='ocrx_word' id='word_1_189' title='bbox 533 3240 651 3313; x_wconf 89' lang='lat' dir='ltr'>horas.</span> 
     </span>
    </p>

    <p class='ocr_par' dir='ltr' id='par_1_3' title="bbox 162 3353 1389 4384">
     <span class='ocr_line' id='line_1_25' title="bbox 213 3353 1387 3455; baseline 0 -27"><span class='ocrx_word' id='word_1_190' title='bbox 213 3355 594 3455; x_wconf 80' lang='lat' dir='ltr'>Quamquamltalicis</span> <span class='ocrx_word' id='word_1_191' title='bbox 619 3354 733 3453; x_wconf 90' lang='lat' dir='ltr'>poetis</span> <span class='ocrx_word' id='word_1_192' title='bbox 757 3368 793 3428; x_wconf 90' lang='lat' dir='ltr'>et</span> <span class='ocrx_word' id='word_1_193' title='bbox 811 3357 1063 3454; x_wconf 86' lang='lat' dir='ltr'>grammaticis</span> <span class='ocrx_word' id='word_1_194' title='bbox 1079 3353 1232 3428; x_wconf 88' lang='lat' dir='ltr'>multum</span> <span class='ocrx_word' id='word_1_195' title='bbox 1256 3354 1387 3428; x_wconf 81' lang='lat' dir='ltr'>Turres</span> 
     </span>
     <span class='ocr_line' id='line_1_26' title="bbox 162 3469 1387 3574; baseline 0 -30"><span class='ocrx_word' id='word_1_196' title='bbox 162 3472 335 3544; x_wconf 77' lang='lat' dir='ltr'>Naharro</span> <span class='ocrx_word' id='word_1_197' title='bbox 363 3470 484 3563; x_wconf 89' lang='lat' dir='ltr'>debet,</span> <span class='ocrx_word' id='word_1_198' title='bbox 515 3497 624 3574; x_wconf 91' lang='lat' dir='ltr'>nemo</span> <span class='ocrx_word' id='word_1_199' title='bbox 656 3484 780 3544; x_wconf 91' lang='lat' dir='ltr'>tamen</span> <span class='ocrx_word' id='word_1_200' title='bbox 807 3469 852 3570; x_wconf 81' lang='lat' dir='ltr'>de</span> <span class='ocrx_word' id='word_1_201' title='bbox 883 3496 927 3543; x_wconf 94' lang='lat' dir='ltr'>eo</span> <span class='ocrx_word' id='word_1_202' title='bbox 955 3470 1085 3545; x_wconf 90' lang='lat' dir='ltr'>melius</span> <span class='ocrx_word' id='word_1_203' title='bbox 1119 3473 1248 3544; x_wconf 93' lang='lat' dir='ltr'>meruit</span> <span class='ocrx_word' id='word_1_204' title='bbox 1275 3496 1387 3569; x_wconf 91' lang='lat' dir='ltr'>quarn</span> 
     </span>
     <span class='ocr_line' id='line_1_27' title="bbox 162 3585 1386 3687; baseline -0.001 -27"><span class='ocrx_word' id='word_1_205' title='bbox 162 3589 358 3662; x_wconf 82' lang='lat' dir='ltr'>Fernando</span> <span class='ocrx_word' id='word_1_206' title='bbox 389 3590 432 3660; x_wconf 87' lang='lat' dir='ltr'>de</span> <span class='ocrx_word' id='word_1_207' title='bbox 465 3586 590 3687; x_wconf 82' lang='lat' dir='ltr'>Rojas,</span> <span class='ocrx_word' id='word_1_208' title='bbox 626 3587 709 3660; x_wconf 96' lang='lat' dir='ltr'>Non</span> <span class='ocrx_word' id='word_1_209' title='bbox 739 3585 836 3660; x_wconf 90' lang='lat' dir='ltr'>enim</span> <span class='ocrx_word' id='word_1_210' title='bbox 866 3613 886 3659; x_wconf 93' lang='lat' dir='ltr'>e</span> <span class='ocrx_word' id='word_1_211' title='bbox 915 3586 1104 3660; x_wconf 84' lang='lat' dir='ltr'>Celestino</span> <span class='ocrx_word' id='word_1_212' title='bbox 1133 3587 1230 3685; x_wconf 84' lang='lat' dir='ltr'>quid,</span> <span class='ocrx_word' id='word_1_213' title='bbox 1265 3601 1303 3661; x_wconf 92' lang='lat' dir='ltr'>ut</span> <span class='ocrx_word' id='word_1_214' title='bbox 1334 3591 1386 3660; x_wconf 90' lang='lat' dir='ltr'>ita</span> 
     </span>
     <span class='ocr_line' id='line_1_28' title="bbox 164 3701 1388 3802; baseline 0.002 -29"><span class='ocrx_word' id='word_1_215' title='bbox 164 3701 299 3791; x_wconf 90' lang='lat' dir='ltr'>dicam,</span> <span class='ocrx_word' id='word_1_216' title='bbox 321 3703 515 3778; x_wconf 86' lang='lat' dir='ltr'>comoediae</span> <span class='ocrx_word' id='word_1_217' title='bbox 532 3730 662 3802; x_wconf 91' lang='lat' dir='ltr'>corpus</span> <span class='ocrx_word' id='word_1_218' title='bbox 677 3703 831 3793; x_wconf 88' lang='lat' dir='ltr'>deceret,</span> <span class='ocrx_word' id='word_1_219' title='bbox 864 3703 926 3776; x_wconf 90' lang='lat' dir='ltr'>sed</span> <span class='ocrx_word' id='word_1_220' title='bbox 961 3702 1050 3800; x_wconf 94' lang='lat' dir='ltr'>quid</span> <span class='ocrx_word' id='word_1_221' title='bbox 1078 3708 1242 3778; x_wconf 92' lang='lat' dir='ltr'>animum</span> <span class='ocrx_word' id='word_1_222' title='bbox 1268 3706 1388 3801; x_wconf 90' lang='lat' dir='ltr'>ipsum</span> 
     </span>
     <span class='ocr_line' id='line_1_29' title="bbox 165 3818 1388 3928; baseline 0.002 -39"><span class='ocrx_word' id='word_1_223' title='bbox 165 3818 307 3894; x_wconf 90' lang='lat' dir='ltr'>didicit.</span> <span class='ocrx_word' id='word_1_224' title='bbox 325 3820 504 3918; x_wconf 86' lang='lat' dir='ltr'>Neglecta</span> <span class='ocrx_word' id='word_1_225' title='bbox 519 3833 640 3928; x_wconf 73' lang='lat' dir='ltr'>autem</span> <span class='ocrx_word' id='word_1_226' title='bbox 660 3819 772 3918; x_wconf 85' lang='lat' dir='ltr'>ejus«</span> <span class='ocrx_word' id='word_1_227' title='bbox 793 3822 824 3893; x_wconf 87' lang='lat' dir='ltr'><em>T</em></span> <span class='ocrx_word' id='word_1_228' title='bbox 820 3823 921 3920; x_wconf 68' lang='lat' dir='ltr'>rip‘ea</span> <span class='ocrx_word' id='word_1_229' title='bbox 943 3850 961 3890; x_wconf 79' lang='lat'>»</span> <span class='ocrx_word' id='word_1_230' title='bbox 984 3845 1068 3918; x_wconf 87' lang='lat' dir='ltr'>quae</span> <span class='ocrx_word' id='word_1_231' title='bbox 1084 3818 1176 3893; x_wconf 92' lang='lat' dir='ltr'>nihil</span> <span class='ocrx_word' id='word_1_232' title='bbox 1195 3819 1294 3893; x_wconf 91' lang='lat' dir='ltr'>aliud</span> <span class='ocrx_word' id='word_1_233' title='bbox 1310 3845 1388 3917; x_wconf 93' lang='lat' dir='ltr'>pro·</span> 
     </span>
     <span class='ocr_line' id='line_1_30' title="bbox 163 3934 1388 4036; baseline -0.002 -26"><span class='ocrx_word' id='word_1_234' title='bbox 163 3939 320 4032; x_wconf 89' lang='lat' dir='ltr'>positum</span> <span class='ocrx_word' id='word_1_235' title='bbox 342 3937 452 4009; x_wconf 86' lang='lat' dir='ltr'>habet</span> <span class='ocrx_word' id='word_1_236' title='bbox 472 3963 580 4036; x_wconf 89' lang='lat' dir='ltr'>quam</span> <span class='ocrx_word' id='word_1_237' title='bbox 599 3939 851 4010; x_wconf 89' lang='lat' dir='ltr'>Lusitanorum</span> <span class='ocrx_word' id='word_1_238' title='bbox 872 3961 993 4034; x_wconf 89' lang='lat' dir='ltr'>regem</span> <span class='ocrx_word' id='word_1_239' title='bbox 1014 3938 1065 4010; x_wconf 86' lang='lat' dir='ltr'>D.</span> <span class='ocrx_word' id='word_1_240' title='bbox 1087 3937 1245 4010; x_wconf 85' lang='lat' dir='ltr'>Manuel</span> <span class='ocrx_word' id='word_1_241' title='bbox 1269 3934 1388 4035; x_wconf 92' lang='lat' dir='ltr'>publi·</span> 
     </span>
     <span class='ocr_line' id='line_1_31' title="bbox 162 4051 1389 4152; baseline 0.002 -29"><span class='ocrx_word' id='word_1_242' title='bbox 162 4055 215 4124; x_wconf 92' lang='lat' dir='ltr'>cis</span> <span class='ocrx_word' id='word_1_243' title='bbox 235 4051 417 4126; x_wconf 89' lang='lat' dir='ltr'>celebrare</span> <span class='ocrx_word' id='word_1_244' title='bbox 434 4051 605 4126; x_wconf 88' lang='lat' dir='ltr'>landibus</span> <span class='ocrx_word' id='word_1_245' title='bbox 633 4056 701 4152; x_wconf 83' lang='lat'><strong>(3),</strong></span> <span class='ocrx_word' id='word_1_246' title='bbox 731 4057 768 4126; x_wconf 91' lang='lat' dir='ltr'>in</span> <span class='ocrx_word' id='word_1_247' title='bbox 789 4067 859 4126; x_wconf 90' lang='lat' dir='ltr'>tres</span> <span class='ocrx_word' id='word_1_248' title='bbox 879 4067 999 4151; x_wconf 91' lang='lat' dir='ltr'>partes</span> <span class='ocrx_word' id='word_1_249' title='bbox 1018 4064 1160 4151; x_wconf 90' lang='lat' dir='ltr'>oportet</span> <span class='ocrx_word' id='word_1_250' title='bbox 1186 4052 1389 4126; x_wconf 89' lang='lat' dir='ltr'>dramatica</span> 
     </span>
     <span class='ocr_line' id='line_1_32' title="bbox 163 4167 1388 4268; baseline -0.002 -26"><span class='ocrx_word' id='word_1_251' title='bbox 163 4167 398 4267; x_wconf 81' lang='lat' dir='ltr'>Propaladiae</span> <span class='ocrx_word' id='word_1_252' title='bbox 426 4194 536 4267; x_wconf 91' lang='lat' dir='ltr'>opera</span> <span class='ocrx_word' id='word_1_253' title='bbox 558 4171 777 4268; x_wconf 81' lang='lat' dir='ltr'>distinguas</span> <span class='ocrx_word' id='word_1_254' title='bbox 793 4168 999 4244; x_wconf 85' lang='lat' dir='ltr'>Comoediae</span> <span class='ocrx_word' id='word_1_255' title='bbox 1019 4174 1175 4267; x_wconf 89' lang='lat' dir='ltr'>primurn</span> <span class='ocrx_word' id='word_1_256' title='bbox 1199 4167 1388 4268; x_wconf 80' lang='lat' dir='ltr'>Aquilam</span> 
     </span>
     <span class='ocr_line' id='line_1_33' title="bbox 163 4283 1386 4384; baseline -0.002 -26"><span class='ocrx_word' id='word_1_257' title='bbox 163 4297 199 4358; x_wconf 88' lang='lat' dir='ltr'>et</span> <span class='ocrx_word' id='word_1_258' title='bbox 215 4284 405 4358; x_wconf 85' lang='lat' dir='ltr'>Calamita</span> <span class='ocrx_word' id='word_1_259' title='bbox 420 4311 494 4358; x_wconf 92' lang='lat' dir='ltr'>non</span> <span class='ocrx_word' id='word_1_260' title='bbox 510 4285 618 4360; x_wconf 93' lang='lat' dir='ltr'>simul</span> <span class='ocrx_word' id='word_1_261' title='bbox 635 4283 678 4360; x_wconf 82' lang='lat' dir='ltr'>ac&#39;</span> <span class='ocrx_word' id='word_1_262' title='bbox 694 4298 824 4360; x_wconf 86' lang='lat' dir='ltr'>ceterae</span> <span class='ocrx_word' id='word_1_263' title='bbox 840 4289 879 4358; x_wconf 94' lang='lat' dir='ltr'>in</span> <span class='ocrx_word' id='word_1_264' title='bbox 894 4284 1025 4384; x_wconf 90' lang='lat' dir='ltr'>vulgus</span> <span class='ocrx_word' id='word_1_265' title='bbox 1038 4288 1185 4361; x_wconf 84' lang='lat' dir='ltr'>emissae</span> <span class='ocrx_word' id='word_1_266' title='bbox 1205 4296 1291 4359; x_wconf 91' lang='lat' dir='ltr'>sunt</span> <span class='ocrx_word' id='word_1_267' title='bbox 1309 4295 1346 4358; x_wconf 89' lang='lat' dir='ltr'>et</span> <span class='ocrx_word' id='word_1_268' title='bbox 1366 4309 1386 4356; x_wconf 89' lang='lat' dir='ltr'>e</span> 
     </span>
    </p>
   </div>
   <div class='ocr_carea' id='block_1_2' title="bbox 164 4513 1388 4830">
    <p class='ocr_par' dir='ltr' id='par_1_4' title="bbox 196 4513 781 4612">
     <span class='ocr_line' id='line_1_34' title="bbox 196 4513 781 4612; baseline -0.003 -25"><span class='ocrx_word' id='word_1_269' title='bbox 196 4537 235 4600; x_wconf 85' lang='lat'>(1)</span> <span class='ocrx_word' id='word_1_270' title='bbox 251 4538 392 4590; x_wconf 77' lang='lat' dir='ltr'>Prohemio.</span> <span class='ocrx_word' id='word_1_271' title='bbox 693 4513 709 4583; x_wconf 59' lang='lat' dir='ltr'>l.</span> <span class='ocrx_word' id='word_1_272' title='bbox 776 4603 781 4612; x_wconf 35' lang='lat'>¹</span> 
     </span>
    </p>

    <p class='ocr_par' dir='ltr' id='par_1_5' title="bbox 196 4617 500 4682">
     <span class='ocr_line' id='line_1_35' title="bbox 196 4617 500 4682; baseline 0.003 -15"><span class='ocrx_word' id='word_1_273' title='bbox 196 4619 233 4682; x_wconf 82' lang='lat'>(2)</span> <span class='ocrx_word' id='word_1_274' title='bbox 253 4619 372 4667; x_wconf 83' lang='lat' dir='ltr'>Comedia</span> <span class='ocrx_word' id='word_1_275' title='bbox 381 4617 500 4681; x_wconf 82' lang='lat' dir='ltr'>Jocinta.</span> 
     </span>
    </p>

    <p class='ocr_par' dir='ltr' id='par_1_6' title="bbox 164 4684 1388 4830">
     <span class='ocr_line' id='line_1_36' title="bbox 196 4684 1388 4762; baseline 0.001 -17"><span class='ocrx_word' id='word_1_276' title='bbox 196 4699 232 4762; x_wconf 77' lang='grc'>(3)</span> <span class='ocrx_word' id='word_1_277' title='bbox 249 4697 366 4748; x_wconf 82' lang='lat' dir='ltr'>Forsitan</span> <span class='ocrx_word' id='word_1_278' title='bbox 380 4697 511 4748; x_wconf 83' lang='lat' dir='ltr'>comoedia</span> <span class='ocrx_word' id='word_1_279' title='bbox 521 4695 631 4758; x_wconf 79' lang='lat' dir='ltr'>Jacr&#39;nta</span> <span class='ocrx_word' id='word_1_280' title='bbox 645 4695 680 4746; x_wconf 73' lang='lat' dir='ltr'>ad</span> <span class='ocrx_word' id='word_1_281' title='bbox 693 4684 916 4762; x_wconf 77' lang='lat' dir='ltr'>Tragicomoedias&#39;</span> <span class='ocrx_word' id='word_1_282' title='bbox 928 4696 1123 4762; x_wconf 81' lang='lat' dir='ltr'>componendas</span> <span class='ocrx_word' id='word_1_283' title='bbox 1137 4694 1206 4760; x_wconf 85' lang='lat' dir='ltr'>apud</span> <span class='ocrx_word' id='word_1_284' title='bbox 1226 4694 1271 4744; x_wconf 79' lang='lat' dir='ltr'>Gr&#39;l</span> <span class='ocrx_word' id='word_1_285' title='bbox 1286 4693 1388 4746; x_wconf 77' lang='lat' dir='ltr'>Vicmte</span> 
     </span>
     <span class='ocr_line' id='line_1_37' title="bbox 164 4777 405 4830; baseline 0 -2"><span class='ocrx_word' id='word_1_286' title='bbox 164 4777 279 4830; x_wconf 82' lang='lat' dir='ltr'>nonnihil</span> <span class='ocrx_word' id='word_1_287' title='bbox 291 4777 405 4829; x_wconf 75' lang='lat' dir='ltr'>valuerit.</span> 
     </span>
    </p>
   </div>
   <div class='ocr_carea' id='block_1_3' title="bbox 0 0 1742 5609">
    <p class='ocr_par' dir='ltr' id='par_1_7' title="bbox 0 0 1742 5609">
     <span class='ocr_line' id='line_1_38' title="bbox 0 0 1742 5609; baseline 0 3"><span class='ocrx_word' id='word_1_288' title='bbox 0 0 1742 5609; x_wconf 95' lang='lat' dir='ltr'> </span> 
     </span>
    </p>
   </div>
  </div>
 </body>
</html>
