3475 5609
890 464 1057 526 -66...

356 627 569 721 offensionis
589 626 699 698 habet
725 624 770 697 ad
794 650 922 697 omnes
952 651 1124 723 personas
1151 625 1364 700 invisendas
1381 640 1579 725 pertotarn

356 744 480 840 urbem
510 746 648 838 vagari.
683 742 738 814 Ne
759 739 861 838 plura
881 741 1012 827 dicam,
1036 737 1254 815 duodecimo
1272 747 1370 816 actui
1395 725 1470 816 non
1492 761 1579 818 ante
1732 716 1733 739 l

354 860 465 934 finem
485 857 599 955 Rojas
618 873 740 929 noster
757 860 918 954 ⁸imponit
940 882 1055 953 'quarn
1078 883 1145 930 nos
1166 857 1213 929 ad
1230 858 1398 931 Melibeae
1420 876 1576 956 portam,
1676 837 1685 854 ⁸
1732 844 1733 873 *

354 979 392 1049 in
419 975 577 1049 Pleberii
606 972 825 1059 cubiculum,
856 976 893 1043 in
920 972 1047 1044 Calisti
1079 973 1306 1059 cenaculum,
1342 1000 1409 1046 nec
1439 1002 1512 1047 non
1538 973 1577 1046 in

353 1090 548 1165 Celestinae
581 1090 729 1163 domum
767 1091 929 1160 vicissim
974 1087 1137 1189 deduxit.
1179 1090 1312 1160 Nonne
1349 1095 1503 1187 scriptor
1538 1096 1576 1163 in

351 1205 579 1280 fastidiosam
633 1231 748 1278 rerum
792 1203 1007 1276 tenuitatem
1065 1203 1255 1276 descendit
1297 1204 1358 1301 qui
1401 1231 1577 1302 personas

351 1347 435 1395 suas
467 1321 670 1420 relinquere
698 1339 807 1417 negat
841 1324 931 1416 quin
960 1345 1023 1392 eas
1051 1325 1087 1390 in
1123 1318 1219 1391 lecto
1249 1337 1386 1392 attente
1416 1323 1574 1395 colloca-

339 1438 439 1534 ,verit
456 1441 473 1512 i

398 1608 594 1684 Celestinoe
612 1623 736 1682 tamen
756 1605 881 1680 tabula
899 1607 1010 1702 longe
1028 1622 1081 1679 est
1104 1622 1143 1680 ut
1168 1631 1309 1702 semper
1338 1609 1446 1680 nobis
1475 1622 1598 1706 stare„-

351 1725 537 1818 videatur3
566 1751 660 1824 saepe
675 1737 802 1797 contra
821 1749 865 1795 ea
884 1749 965 1821 quae
981 1723 1148 1822 longiora
1178 1723 1399 1818 putabantur
1415 1726 1521 1798 utilia
1536 1743 1573 1801 et

349 1843 531 1917 interdum
553 1845 758 1923 necessaria
784 1854 911 1936 postea
935 1854 1111 1935 apparent
1131 1853 1166 1910 et
1187 1843 1225 1909 in
1245 1839 1353 1912 rebus
1371 1840 1572 1939 explanan-

347 1960 404 2033 dis
419 1959 517 2033 haud
530 1961 630 2057 parvi
651 1956 742 2030 fiunt
759 1959 943 2053 ponderis.
963 1956 1171 2028 Levissimis
1184 1959 1281 2025 onim
1304 1981 1348 2027 err
1367 1957 1571 2031 rationibus

348 2073 539 2149 humilium
549 2071 786 2172 ¹personarum
800 2069 855 2143 vel
873 2064 1088 2167 grauissima
1104 2068 1198 2140 lacta
1214 2070 1391 2166 originem
1406 2073 1566 2146 trabunt.

346 2194 517 2267 Tantane
556 2190 745 2264 Celestina
790 2185 1104 2260 verisimilitudine
1142 2187 1368 2260 occideretur
1404 2191 1433 2260 si
1472 2193 1570 2286 prius

345 2312 595 2382 avarissimam
616 2304 774 2378 vetulam
797 2321 831 2374 et
851 2301 1102 2374 avidissimum
1128 2303 1395 2375 Parmenonem
1417 2309 1510 2378 inter
1529 2331 1569 2379 se

344 2439 544 2521 strepentes
580 2447 654 2494 non
696 2418 961 2493 audissemus?
993 2419 1057 2490 Sic
1087 2417 1200 2489 multa
1233 2445 1312 2516 quae
1346 2445 1569 2517 supervacua

330 2539 447 2616 tdicas
484 2538 530 2611 ad
563 2551 726 2635 posteros
755 2559 861 2607 casus
892 2534 1092 2630 legentium
1138 2537 1282 2607 animos
1321 2555 1565 2632 comparant,

344 2656 459 2730 multa
488 2678 634 2754 quoque
661 2652 746 2724 laxo
771 2649 869 2723 nodo
898 2648 1028 2721 labulae
1058 2648 1333 2748 adstringuntur
1358 2678 1438 2750 quae
1457 2652 1565 2749 pluri·
1629 2685 1632 2689 ’

344 2796 442 2846 mum
462 2771 509 2844 ad
529 2791 764 2867 personarum
785 2765 1006 2839 mutationes
1026 2765 1265 2860 explicandas
1284 2766 1421 2841 valent.
1447 2768 1562 2861 Quid,

342 2889 441 2964 verbi
458 2890 594 2987 gratia,
615 2882 779 2958 inutilius
793 2882 899 2955 simul
916 2901 952 2954 et
971 2880 1134 2955 lestivius
1148 2881 1305 2954 Pleberii
1333 2896 1368 2954 et
1396 2883 1566 2958 Melibeae

342 3019 522 3080 nocturno
541 3025 707 3076 sermone
722 2998 917 3072 videatur?
948 2999 1123 3070 Attamen
1153 3023 1236 3097 quae
1264 3024 1385 3096 pauca
1404 3015 1508 3097 pater
1526 3017 1564 3076 et

341 3123 418 3197 filia
438 3127 531 3194 inter
546 3145 584 3192 se
600 3118 806 3216 loquuntur,
834 3118 965 3186 anxius
984 3112 1044 3184 ille
1063 3126 1098 3185 et
1118 3112 1173 3184 rel
1197 3113 1350 3187 minimo
1380 3140 1472 3188 sono
1492 3117 1564 3190 sol·

341 3240 474 3326 licituS,
504 3237 581 3309 haec
608 3259 693 3306 vero
734 3230 807 3329 jam
842 3229 1074 3302 mendaciolo
1101 3231 1152 3301 uti
1183 3242 1325 3320 coacta,
1360 3256 1485 3305 nonne
1519 3259 1565 3306 ea

338 3354 468 3454 puellae
505 3352 686 3426 lunestum
725 3371 886 3420 amorem
913 3360 949 3417 et
978 3349 1138 3441 parentis
1176 3369 1355 3417 summam
1388 3351 1560 3444 pietatem

338 3471 507 3570 praeclare
527 3465 768 3564 significant?
800 3461 893 3554 Quae
922 3486 995 3558 quo
1027 3458 1140 3531 flebili
1168 3459 1277 3532 modo
1310 3487 1376 3533 nos
1404 3461 1564 3535 afficient

251 3575 255 3584 ’
337 3613 419 3662 cum
444 3597 530 3660 ante
562 3582 760 3655 laceratum
790 3592 826 3651 et
853 3579 1023 3649 exanime
1043 3574 1211 3648 Melibeae
1231 3601 1361 3674 corpus
1393 3578 1562 3675 querelas

335 3701 506 3780 Pleberz'o
524 3696 708 3774 effundet!

384 3884 508 3981 Magis
528 3876 737 3974 ceteroquin
758 3873 912 3947 incitato
928 3885 1029 3943 motu
1049 3869 1248 3944 Celestince
1265 3870 1389 3944 labula
1418 3897 1560 3974 progre-

334 3999 504 4086 diebatur
535 4018 617 4067 cum
655 4015 700 4063 ex
738 3987 923 4061 sexdecim
980 3985 1123 4058 actibus
1162 3985 1367 4059 constabat.
1409 3985 1559 4061 Nullum

333 4113 505 4215 equidem
529 4109 732 4184 editionum
757 4129 837 4202 quae
858 4091 958 4174 anno
972 4101 1383 4175 MCCCCLXXXXIX
1403 4115 1440 4177 et
1460 4129 1560 4176 anno

331 4232 409 4306 MD
423 4228 579 4326 vulgatae
600 4239 686 4299 sunt
701 4226 778 4294 sive
797 4223 835 4292 in
853 4220 1047 4314 Hispania,
1076 4217 1151 4292 sive
1170 4221 1209 4291 in
1229 4217 1353 4293 Gallia
1373 4219 1560 4317 exemplar

331 4349 484 4446 reperire
509 4345 630 4441 potui;
666 4337 799 4410 multas
818 4359 903 4408 vero
923 4336 1090 4407 civitates
1109 4347 1303 4432 postquam
1319 4333 1448 4408 lrustra
1463 4359 1559 4409 scru-

330 4478 427 4539 tatus
460 4485 552 4549 sum,
577 4461 615 4530 in
649 4452 797 4553 publica
835 4450 983 4524 tandem
1021 4462 1057 4524 et
1095 4450 1292 4523 Parisiensi
1330 4451 1558 4526 bibliotheca

329 4581 500 4655 volumen
554 4568 761 4648 «Comedia
797 4571 841 4642 de
874 4564 1021 4640 calisto
1047 4593 1079 4665 y
1102 4565 1261 4639 Melz'bea
1278 4596 1297 4637 »
1343 4566 1555 4664 inscriptum

328 4699 454 4773 inveni
481 4689 580 4791 quod
608 4713 707 4764 anno
735 4685 830 4792 MDl
865 4680 1012 4756 Sevillae
1049 4708 1071 4755 a
1096 4680 1265 4756 Martino
1292 4683 1428 4756 Polono
1458 4688 1555 4782 typis
