3475 5609
868 529 1047 592 .—70—

355 673 476 746 causis
495 669 639 744 deserit.
660 669 759 765 Quid
776 683 829 744 est
842 669 879 744 in
892 673 926 746 C
925 671 1084 745 elestz'na
1100 688 1220 745 causae
1240 697 1303 746 cur
1319 671 1381 745 ille
1408 671 1585 756 exsultet,

354 787 436 862 haec
465 799 585 861 autem
611 790 785 884 ingemat,
817 812 881 861 cur
907 786 958 859 iili
989 786 1208 877 alliciantur,
1234 788 1271 860 hi
1291 813 1374 862 vero
1392 787 1584 863 trucident

356 916 418 979 aut
433 905 615 1002 pereant?
642 905 826 993 Amorem,
851 917 1011 977 amorem
1032 930 1173 1001 semper
1192 904 1379 979 incusabis
1394 909 1470 1004 qui,
1493 908 1587 1005 quia

355 1021 545 1095 hominum
585 1019 789 1094 moderator
817 1019 889 1093 dici
919 1033 1051 1118 potest,
1081 1023 1118 1092 in
1162 1026 1401 1095 recentiorum
1437 1020 1586 1096 theatro

356 1137 952 1234 magismagisquedominabitur.

405 1244 583 1346 Quamvis
602 1257 636 1324 vi
672 1255 832 1324 maxima
852 1279 954 1325 amor
983 1253 1043 1324 ilie
1077 1253 1337 1350 progrediatur,
1361 1279 1435 1325 non
1466 1251 1495 1324 is
1528 1263 1589 1323 est

355 1381 479 1441 tamen
496 1373 553 1441 cui
575 1367 665 1438 nibil
694 1394 855 1466 unquam
872 1367 1003 1440 obstet.
1045 1371 1121 1440 Nec
1159 1395 1203 1440 ea
1240 1367 1357 1441 solum
1396 1367 1588 1465 dicoquae

357 1488 516 1556 externis
535 1487 656 1556 causis
672 1487 928 1581 superveniant
947 1518 953 1573 ;
977 1484 1040 1556 sed
1057 1482 1202 1556 intimos
1219 1508 1347 1556 sensus
1370 1499 1407 1556 et
1434 1497 1589 1580 accepta

357 1613 543 1699 praecepta
585 1599 754 1696 significo
801 1627 885 1696 quae
936 1599 1082 1672 effrenis
1133 1600 1395 1697 cupiditatibus
1437 1599 1587 1672 modurn

358 1716 530 1789 adhibere
550 1730 740 1789 conantur.
764 1715 857 1789 Cum
879 1728 998 1788 autem
1038 1715 1179 1788 diversa
1213 1714 1308 1812 apud
1342 1714 1501 1788 diversos
1524 1740 1590 1812 po·

358 1831 463 1931 pulos
483 1857 526 1904 ea
550 1835 622 1904 sint
653 1857 737 1928 quae
766 1831 948 1928 nosquid
985 1831 1183 1903 debeamus
1211 1830 1377 1921 doceant,
1404 1855 1588 1930 nusquam
1682 1813 1689 1822 ⁶

360 1951 479 2044 magis
494 1973 603 2046 quam
626 1948 722 2046 apud
740 1949 928 2044 Hispanos
953 1946 1127 2046 peculiari
1148 1958 1184 2020 et
1206 1951 1301 2048 mira
1325 1946 1439 2020 torma
1459 1945 1592 2020 induta

360 2078 456 2138 sunt.
474 2064 558 2137 Non
576 2066 683 2152 enim,
705 2076 742 2135 ut
762 2089 869 2159 supra
887 2063 1044 2135 vidimus
1057 2065 1119 2154 (r),
1141 2062 1356 2136 immutabili
1370 2078 1405 2136 et
1421 2067 1590 2136 omnium

361 2180 549 2253 hominum
571 2184 723 2277 propriae
742 2177 815 2276 legi
837 2193 912 2251 tum
935 2179 1091 2275 Hispani
1113 2192 1259 2275 parent,
1283 2177 1411 2250 honori
1433 2205 1516 2252 vero
1536 2177 1591 2251 ita

301 2317 302 2321 ’
361 2297 560 2370 inserviunt
579 2310 619 2369 ut
642 2295 733 2367 nibil
764 2293 947 2367 decorisa
980 2320 1018 2366 se
1051 2299 1213 2392 usurpati
1234 2295 1357 2367 laesum
1388 2300 1587 2392 patiantur,

362 2425 436 2500 aut,
456 2416 485 2484 si
511 2426 661 2509 accepta
687 2424 741 2483 cst
762 2409 901 2508 injuria,
928 2409 1066 2483 nullam
1086 2409 1203 2482 ierunt
1224 2436 1360 2483 moram
1382 2410 1472 2510 quin
1493 2426 1592 2482 atro·

289 2596 294 2604 .
362 2531 518 2601 cissimae
550 2553 667 2625 poenae
697 2539 917 2622 repetantur.
950 2525 1034 2619 Quo
1064 2530 1168 2625 quasi
1200 2525 1319 2598 officio
1347 2525 1480 2624 pariter
1513 2523 1594 2598 iun-

361 2657 497 2742 guntur
523 2643 559 2714 in
590 2641 779 2716 Celestz'na
811 2655 846 2714 et
877 2641 1014 2732 domini
1043 2655 1079 2714 et
1111 2644 1263 2714 ministri
1293 2656 1329 2714 et
1349 2645 1459 2715 etiam
1477 2667 1593 2713 mere-

362 2760 480 2834 trices.
519 2758 592 2852 Qui
627 2757 667 2830 fit
704 2770 754 2846 ut,
797 2757 928 2830 occisis
966 2757 1185 2854 Sempronio
1212 2771 1245 2829 et
1279 2760 1520 2846 Parmenone,
1553 2759 1593 2828 in

361 2874 519 2974 judicem
554 2872 701 2949 Calz'sto
726 2887 778 2945 tot
806 2873 924 2945 verbis
944 2874 1161 2945 incendatur
1184 2877 1252 2944 nisi
1275 2872 1373 2970 quod
1393 2875 1497 2970 genti
1518 2897 1595 2944 suae

362 2991 501 3092 aliquid
535 2989 724 3062 dedecoris
757 2989 958 3061 admissum
991 3015 1069 3060 csse
1099 2988 1312 3061 existimat?
1341 2986 1594 3080 Quamobrem

362 3123 468 3180 tanta
488 3105 674 3180 Celestiua
706 3104 866 3201 pericula
887 3103 964 3175 obit
989 3107 1057 3175 nisi
1096 3119 1133 3176 ut
1172 3104 1335 3177 ienarum
1360 3108 1499 3202 optima
1533 3103 1597 3175 ba·

364 3221 521 3296 beatur?
559 3222 643 3293 Non
664 3223 697 3292 ei
733 3225 800 3318 ipsi
827 3224 918 3292 tanti
952 3234 1036 3291 sunt
1076 3224 1214 3293 nummi
1246 3224 1374 3319 quanti
1413 3218 1539 3298 laudes
1558 3231 1621 3306 et,

363 3339 496 3437 gloria.
525 3337 618 3411 Cum
635 3350 754 3408 autern
786 3338 942 3431 Hispani
964 3336 1132 3432 superbia
1162 3340 1421 3424 intumescant,
1445 3362 1520 3407 non
1537 3337 1593 3407 eis

365 3441 456 3527 curae
472 3467 526 3527 est
546 3457 606 3551 qui
623 3456 741 3549 reipsa
760 3457 830 3523 sint
848 3453 912 3523 sed
933 3457 994 3548 qui
1015 3479 1094 3524 esse
1128 3452 1330 3539 videantur,
1356 3479 1423 3524 nec
1455 3454 1517 3549 qui
1547 3449 1596 3522 sit

343 3509 644 3644 ¹domesticarum
678 3595 793 3642 rerum
828 3584 944 3640 status
986 3568 1049 3639 sed
1077 3595 1187 3665 quarn
1226 3568 1384 3665 praebeat
1421 3570 1595 3664 speciem.

366 3688 517 3784 ignavia
531 3697 672 3758 tantum
691 3684 906 3782 Sempronio
921 3699 955 3755 ct
971 3687 1151 3756 Parmeno
1162 3698 1334 3780 praestant
1349 3709 1442 3783 quos
1470 3697 1596 3755 tamen

365 3802 473 3877 [ortes
492 3813 527 3873 et
548 3815 713 3872 strenuos
731 3798 876 3872 Colr'sto
896 3799 1061 3895 praedicat
1081 3803 1215 3896 quippe
1242 3799 1343 3896 cujus
1366 3826 1410 3871 ne
1436 3801 1594 3872 ministri

367 3916 513 4014 quidem
536 3915 621 3987 mali
643 3915 795 3988 evadere
815 3919 969 4011 possint.
988 3916 1083 4006 Alia,
1109 3942 1175 3986 nec
1193 3919 1313 3988 minus
1333 3915 1484 4003 absona,
1508 3917 1598 3986 suus

369 4032 491 4105 Eiiciae
525 4031 718 4128 persuadet
747 4031 881 4120 decor;
919 4058 1013 4128 qua,
1046 4043 1240 4128 postquam
1262 4029 1490 4103 Celestinam
1519 4028 1598 4104 uita

366 4161 433 4232 est,
466 4147 676 4244 Sempronii
693 4172 851 4244 quoque,
868 4173 976 4242 quem
993 4140 1072 4242 ipsa
1084 4145 1266 4242 judicibus
1282 4145 1444 4234 tradidit,
1465 4158 1617 4250 poenas

367 4288 405 4350 se
426 4267 656 4360 repetituram
670 4262 858 4358 praedicat.
890 4266 921 4332 Α
941 4289 1014 4358 quo
1036 4264 1149 4333 vero?
1181 4261 1238 4333 Ab
1259 4265 1431 4333 amatoris
1458 4265 1513 4333 sui
1534 4259 1597 4333 do·

368 4381 469 4451 mino
484 4381 546 4477 qui
567 4377 690 4450 famuli
709 4393 859 4449 mortem
883 4379 1034 4450 inultam
1071 4403 1200 4475 passus
1219 4392 1272 4450 est
1310 4391 1345 4450 et
1365 4383 1398 4450 ei
1421 4380 1489 4475 ipsi
1518 4401 1597 4473 pro·

368 4496 481 4591 priam
513 4493 598 4566 iacit
619 4492 785 4591 injuriam
814 4493 1115 4592 quandoquidem
1146 4492 1227 4566 aliae
1263 4493 1422 4580 mulieris
1452 4491 1598 4567 deliciis

398 4763 435 4826 (ι)
452 4760 493 4811 Ci.
509 4759 575 4826 Cap.
592 4759 611 4810 1.
