3475 5609
692 602 849 666 -„-

152 748 262 824 latus
293 748 442 824 fruatur.
471 747 535 823 Sic
555 761 674 846 poena'e
703 745 784 820 aliae
810 773 855 820 ex
876 744 959 819 aliis
988 756 1183 819 nectuntur
1209 756 1248 819 ut
1285 743 1381 819 cala·

152 869 303 940 mitates
332 865 403 940 illae
423 891 514 965 quas
541 867 683 963 antiqui
705 879 819 960 poetae
839 861 915 936 lato
940 873 988 936 et·
1004 859 1228 968 immutabili
1257 886 1380 935 neces·

150 985 264 1056 sitate
277 985 505 1056 intermixtas
525 979 781 1055 ostendebant.

204 1096 332 1171 Talem
354 1123 436 1172 cum
468 1103 659 1196 scriptores
679 1097 854 1170 honorem
888 1120 969 1168 cum
999 1119 1121 1168 amore
1154 1105 1378 1192 pugnantem

146 1211 395 1311 depinxerint,
426 1213 571 1286 diversa
621 1224 844 1310 component
877 1235 989 1308 opera
1029 1224 1065 1284 et
1097 1212 1255 1284 scenicis
1291 1219 1378 1306 apta

146 1326 266 1402 ludis.
307 1330 401 1404 Cum
446 1345 566 1402 autem
601 1328 715 1403 multa
741 1333 815 1400 sint
837 1324 1040 1400 theatralia
1062 1349 1210 1425 genera,
1246 1349 1378 1398 verone
1462 1350 1469 1365 ·

147 1443 289 1542 majora
309 1445 430 1518 dicam
465 1449 495 1518 si
526 1472 570 1518 ea
604 1443 651 1519 ad
681 1443 908 1518 Celestinam
942 1441 1045 1540 quasi
1073 1441 1120 1514 ad
1150 1443 1295 1541 stirpem
1323 1466 1375 1513 re·

146 1559 314 1634 duxerol
329 1559 421 1632 Mihi
441 1560 588 1658 quidem
604 1563 694 1633 satis
709 1570 854 1632 constat
866 1557 1138 1654 hispaniensem
1154 1556 1375 1629 comoediam

145 1679 255 1772 quasi
286 1659 410 1750 totam¹
439 1704 482 1749 ex
516 1702 560 1750 ea
597 1674 766 1773 pendere.
798 1674 907 1766 Quod
945 1685 1104 1747 ceterum
1137 1697 1222 1746 mox
1245 1672 1374 1746 confir·

147 1792 284 1883 mabo;
322 1819 470 1867 nevero
494 1794 680 1890 Hispanos
708 1803 851 1865 tantum
870 1788 1074 1887 respiciam,
1101 1788 1189 1887 quid
1208 1793 1373 1862 omnium

144 1909 363 2005 populorum
384 1910 575 2006 tragoediae
600 1912 718 2005 magis
744 1920 1033 1980 consentaneum
1063 1909 1230 1980 invenias
1261 1929 1373 2005 quam

143 2023 317 2097 Melibeae
332 2037 368 2097 et
390 2025 519 2098 Calisti
535 2021 753 2096 fluctuantes
774 2020 977 2117 sententis?
1010 2023 1108 2094 Dum
1121 2022 1218 2094 enim
1235 2019 1371 2095 delibe·
1476 2041 1495 2064 ν

143 2155 229 2213 rant
249 2165 298 2212 an
319 2141 481 2237 cupidini
509 2153 606 2214 totos
621 2166 660 2213 se
688 2139 845 2225 tradant,
861 2139 948 2211 dum
959 2139 1194 2210 conscientiae
1214 2163 1371 2235 angores

142 2259 321 2351 captiosis
341 2261 461 2329 causis
480 2269 516 2328 et
528 2259 753 2352 argumentis
768 2252 985 2352 opprimunt,
1006 2278 1079 2352 quo
1098 2256 1217 2350 magis
1231 2253 1371 2350 tragico

142 2384 183 2442 et
213 2371 377 2470 undique
414 2385 584 2469 percepto
622 2371 731 2444 modo
750 2369 863 2443 animi
893 2373 949 2443 sui
976 2369 1129 2443 formam
1149 2367 1370 2442 redderent?

145 2487 195 2558 At
215 2486 293 2560 haec
313 2488 361 2560 ah
375 2487 471 2576 aliis,
495 2513 576 2586 quae
597 2514 671 2561 non
692 2485 871 2576 lacrimas,
891 2484 954 2559 sed
975 2484 1178 2559 cachinnos
1206 2498 1363 2572 movent,

143 2601 339 2676 dissentire
358 2604 539 2677 videntur.
566 2603 719 2694 Fateor3
742 2601 804 2674 sed
822 2628 897 2676 non
916 2626 1045 2675 omnes
1077 2626 1189 2674 unum
1210 2614 1246 2674 et
1275 2598 1367 2697 ejus·

140 2717 227 2790 dem
251 2723 397 2816 generis
419 2719 590 2795 affectum
616 2719 762 2793 auribus
791 2722 1004 2816 requirunt;
1043 2730 1128 2791 sunt
1159 2730 1287 2791 contra
1305 2716 1366 2815 qui

141 2831 199 2906 vel
216 2835 376 2908 conhrsis
391 2848 427 2908 et
442 2836 536 2910 inter
546 2863 584 2910 se
603 2839 796 2910 contrariis
815 2833 922 2907 rebus
941 2831 1177 2907 delectentur.
1202 2835 1366 2928 Quorum
1440 2927 1444 2935 ι

140 2949 189 3022 de
208 2952 331 3024 studio
351 2950 552 3025 disserendi
570 2979 644 3025 non
672 2951 731 3025 hic
747 2965 799 3023 est
821 2951 946 3042 locus,
982 2949 1052 3024 hoc
1077 2962 1219 3023 tantum
1241 2961 1366 3024 notare

139 3070 230 3139 satis
259 3066 403 3140 habebo
438 3067 640 3141 comoedias
660 3072 756 3164 ipsas
793 3065 890 3164 apud
911 3069 1130 3139 recentiores
1163 3091 1239 3138 non
1272 3065 1365 3138 adeo

139 3183 362 3278 proiecturas
381 3184 492 3256 luisse
512 3187 541 3256 si
558 3181 817 3283 tragoediarum
842 3186 1031 3255 materiam
1051 3186 1105 3255 sui
1125 3181 1213 3279 juris
1246 3180 1365 3254 lacere

142 3325 217 3372 non
238 3313 379 3372 conatae
405 3315 541 3374 essent.
569 3301 625 3374 Ne
647 3299 762 3374 multa
789 3300 923 3390 dicam,
947 3298 1047 3397 quid,
1071 3298 1170 3398 quod
1189 3300 1366 3396 poenitere

140 3419 266 3511 possit,
288 3415 463 3490 Molierus
489 3433 610 3490 noster
643 3415 763 3490 effecit
783 3441 865 3490 cum
896 3418 1006 3490 risum
1032 3441 1078 3488 ex
1103 3414 1233 3489 eodem
1265 3413 1365 3488 fonte

142 3529 304 3603 hausite
333 3557 406 3629 quo
435 3531 593 3606 lacrimae
618 3559 762 3632 quoque
800 3549 836 3607 et
854 3536 1013 3631 gemitus
1044 3557 1186 3629 semper
1209 3528 1364 3604 exsilue-

142 3648 260 3719 runt?
290 3645 373 3718 Non
395 3647 562 3721 eamdem
597 3675 639 3722 ac
668 3647 859 3746 tragoedia,
894 3647 959 3722 sed
978 3646 1139 3745 ejusdem
1173 3647 1364 3720 hominum

145 3772 282 3834 naturae
312 3769 468 3860 speciem
505 3766 687 3838 comoedia
719 3764 893 3863 praebebit
920 3767 1064 3864 quoties
1091 3789 1228 3837 avana
1246 3761 1363 3836 solum

142 3893 176 3950 et
204 3877 395 3953 humiliore
415 3882 624 3954 curiositate
641 3883 821 3954 movenda
840 3881 1079 3958 abhorruerit.
1096 3878 1197 3976 Quid
1217 3879 1287 3953 hoc
1313 3882 1364 3952 rei

141 3996 225 4066 est?
245 3995 336 4067 Cum
367 3999 403 4067 in
430 3989 737 4092 Tragicomoediae
762 4023 835 4070 suae
862 3997 986 4072 tabula
1019 3997 1065 4070 ad
1098 4001 1236 4070 exitum
1264 4019 1364 4093 pera·

138 4107 263 4204 genda
279 4135 401 4182 amore
421 4129 455 4184 et
477 4111 613 4212 honore
639 4117 742 4209 quasi
764 4116 883 4186 nervis
902 4126 937 4186 et
950 4113 1095 4186 lacertis
1109 4113 1223 4213 Rojas
1242 4124 1366 4185 noster

138 4249 226 4296 usus
246 4229 305 4313 sit,
329 4231 575 4325 antiquiorum
592 4232 687 4299 viam
710 4227 878 4317 deseruit,
907 4245 943 4301 et
973 4228 1235 4302 recentioribus
1251 4253 1364 4302 novas

136 4355 171 4414 et
199 4341 460 4438 tragoediarum
500 4331 536 4416 et'
555 4343 819 4416 comoediarum
851 4348 1034 4442 imagines
1067 4344 1310 4419 adumbravit.
