3475 5609
874 562 1030 627 ..16-

389 723 473 797 Non
490 739 612 799 tamen
632 725 844 823 areligione
863 732 990 800 omnia
1009 732 1150 801 semina
1161 729 1409 825 Hispanorum
1424 730 1561 802 scenici

340 840 415 914 ludi
441 840 603 916 trahunt.
639 842 821 935 Quaedam
841 846 940 916 enim
961 846 1128 917 invenias
1160 844 1217 917 his
1246 843 1394 917 ludicris
1427 844 1562 944 quibus

340 958 482 1032 nobiles
510 983 573 1057 per
600 963 675 1031 otia
708 962 830 1056 pacis,
862 959 1148 1060 haudquaquam
1187 959 1272 1034 belli
1307 965 1558 1050 immemoreS,

338 1078 458 1173 capite
469 1075 642 1173 adoperto
662 1088 698 1147 et
716 1076 866 1173 cuspide
881 1091 1059 1173 praetenta
1074 1081 1269 1176 citatisque
1284 1080 1389 1175 equis
1405 1080 1562 1151 invicem

339 1192 402 1266 alii
446 1195 484 1263 in
523 1192 615 1266 alios
654 1190 864 1281 irruebant,
901 1192 948 1265 ad
981 1219 1025 1267 ea
1061 1198 1160 1266 enim
1192 1192 1403 1291 spectacula
1431 1192 1564 1290 vulgus

338 1307 561 1382 occurrebat.
572 1306 733 1404 Magnus
748 1333 894 1406 quoque
908 1309 1050 1383 visendi
1070 1322 1106 1382 et
1118 1307 1291 1383 audiendi
1308 1312 1428 1409 gratia
1438 1308 1563 1407 populi

339 1449 536 1498 concursus
574 1422 685 1497 fiebat
721 1427 758 1495 in
780 1423 985 1499 hisdiebus
1025 1424 1126 1499 lestis
1157 1424 1289 1524 quibus
1322 1450 1385 1498 rex
1418 1428 1565 1521 insigne

338 1544 478 1639 regium
499 1543 609 1638 capiti
640 1540 853 1637 imponebat
875 1575 882 1631 ;
924 1541 994 1615 hac
1021 1567 1167 1641 quoque
1200 1554 1344 1639 arrepta
1367 1545 1565 1615 occasione

340 1656 504 1731 carmina
537 1656 708 1754 quaedam
744 1656 917 1744 (necdum
948 1660 1059 1731 etiam
1086 1655 1162 1755 jure
1199 1656 1345 1731 fabulas
1380 1656 1565 1755 appellare

340 1774 472 1872 possis)
495 1776 533 1845 in
553 1771 703 1869 pulpitis
729 1773 785 1846 vel
810 1771 846 1845 in
871 1772 1041 1871 plaustris
1057 1799 1193 1873 magna
1212 1772 1410 1872 plaudente
1429 1798 1566 1848 corona

339 1887 600 1963 recitabantur.
617 1888 725 1961 Hunc
746 1912 882 1961 morem
903 1892 941 1961 in
962 1889 1193 1986 Aragonensi
1213 1893 1363 1989 regione
1382 1886 1565 1963 exstitisse

339 2008 394 2081 vel
429 2006 615 2104 proecipue
648 2017 794 2079 constat
842 2030 950 2101 quem
988 2004 1221 2079 Castellanos
1258 2004 1376 2079 dictos
1393 2004 1566 2086 ¹coluisse

341 2146 488 2222 quoque
508 2124 545 2193 in
565 2119 859 2219 quintodecimo
883 2121 1021 2195 saeculo
1041 2120 1105 2194 illa
1125 2126 1316 2197 notatione
1349 2121 1566 2221 dignissima

342 2270 361 2310 «
382 2238 556 2315 Relacz'on
575 2240 619 2310 de
639 2238 691 2309 los
706 2237 828 2332 fechos
842 2238 906 2310 del
921 2264 1010 2338 muy
1035 2236 1236 2339 magnifico
1260 2247 1377 2313 emas
1402 2237 1567 2311 virtuoso

341 2364 449 2430 serior
467 2355 506 2429 el
535 2364 643 2427 serior
663 2355 731 2426 don
764 2351 918 2455 Mz'guel
935 2354 1052 2427 Lucas
1079 2380 1168 2455 muy
1198 2354 1312 2455 digno
1331 2357 1365 2429 C
1365 2354 1567 2429 andestable

340 2474 384 2547 de
413 2471 620 2547 Costz'lla»
648 2472 700 2567 (ι)
728 2470 966 2544 demonstrat.

391 2592 493 2686 Quin
523 2592 634 2661 etiam
656 2612 773 2661 mores
800 2586 951 2685 quidam
977 2585 1096 2685 plebis
1131 2587 1188 2660 vel
1217 2591 1304 2661 vitae
1338 2585 1566 2685 quotidianae

342 2732 444 2795 usuS,
465 2708 541 2779 sive
562 2702 719 2802 quidam
729 2706 964 2777 matrimonio
984 2702 1245 2799 jungebantur,
1266 2706 1342 2776 sive
1358 2701 1405 2774 ad
1430 2700 1567 2774 iontem

225 2835 230 2845 '
342 2848 484 2899 sacrum
528 2821 638 2895 modo
681 2822 758 2893 nati
798 2818 1084 2907 deducebantur,
1114 2822 1194 2893 sive
1223 2850 1242 2888 «
1258 2817 1466 2892 reinados»
1505 2826 1568 2889 aut

343 2970 362 3011 «
379 2964 508 3040 mayor
525 2967 543 3009 »
564 2936 714 3023 fiebant,
753 2934 828 3009 ludi
857 2935 1042 3031 extemplo
1061 2935 1283 3032 parabantur
1302 2939 1364 3033 qui
1400 2932 1568 3006 habitum

343 3056 539 3155 quemdam
559 3077 675 3126 rerum
689 3050 922 3125 theatralium
943 3049 1169 3140 adhiberent,
1193 3064 1229 3124 et
1248 3064 1344 3124 certe
1360 3052 1513 3123 minutae
1533 3059 1569 3121 et

342 3172 463 3247 adhuc
483 3169 657 3243 informes
677 3169 875 3241 comoediae
891 3192 936 3240 ex
952 3165 1009 3238 his
1024 3168 1281 3241 occasionibus
1294 3164 1566 3242 oboriebantur.

345 3293 588 3387 Antiquomm
614 3283 825 3382 ceteroquin
859 3286 1052 3357 mimorum
1089 3282 1185 3357 sales
1214 3296 1250 3357 et
1277 3309 1403 3381 nugae,
1430 3292 1570 3354 remota

343 3409 445 3481 omni
466 3400 700 3490 verecundia,
725 3404 939 3474 rusticorum
963 3399 1167 3473 cachinnos
1185 3425 1328 3499 semper
1356 3396 1566 3473 movebant.

394 3522 470 3596 Sed
504 3521 598 3594 adeo
637 3514 869 3590 intoleranda
902 3514 1067 3589 libertate
1114 3504 1307 3591 utebantur
1358 3528 1398 3588 ut
1435 3511 1570 3611 saepius

343 3639 551 3714 sacerdotes
574 3637 704 3709 divina
730 3630 891 3729 quadam
915 3633 969 3704 ira
997 3636 1130 3705 conciti
1152 3632 1222 3707 hoc
1242 3629 1425 3705 scribendi
1450 3653 1570 3728 genus

343 3754 638 3854 exprobraverint
659 3763 695 3824 et
723 3746 913 3821 horrendis
937 3748 1247 3824 exsecrationibus
1276 3744 1455 3846 prosecuti
1482 3744 1563 3831 sint,

342 3872 414 3971 jam
456 3870 543 3943 inde
580 3892 602 3940 a
647 3865 787 3939 Sancto
832 3863 969 3937 Isidoro
998 3864 1244 3938 Sevillanensi
1280 3862 1330 3962 (a)
1372 3886 1487 3959 usque
1524 3858 1569 3934 ad

346 3992 513 4087 quintum
535 3984 717 4057 decimum
737 3976 914 4053 saeculum
935 3980 1003 4076 (3).
1022 3979 1070 4055 Ut
1089 4006 1143 4069 ex,
1153 3983 1338 4054 tricesima
1373 3991 1409 4051 et
1442 3987 1572 4073 quarta

345 4106 427 4202 lege
442 4103 480 4176 in
496 4100 569 4174 illis
590 4096 692 4175 stete
709 4093 894 4169 Partz'das
922 4097 1038 4191 (Part.
1061 4120 1096 4187 11,
1124 4099 1180 4169 tit.
1195 4095 1247 4185 vr)
1275 4105 1424 4193 apparet
1450 4116 1566 4189 usque
1603 4154 1608 4165 .

344 4221 391 4294 ad
437 4218 707 4293 sanctissimam
750 4210 874 4311 templi
912 4225 1064 4309 partem,
1093 4211 1235 4286 scilicet
1268 4211 1315 4285 ad
1352 4208 1466 4284 altare
1499 4208 1568 4280 Dei

375 4532 484 4599 (ἤρυξε
502 4528 611 4580 narratio
624 4544 639 4577 a
654 4528 788 4589 Gayangos
803 4524 873 4590 typis
892 4524 1015 4573 mandata
1027 4531 1075 4573 est.
1095 4522 1138 4572 Ci.
1162 4520 1297 4570 Memoriol
1315 4519 1446 4581 historico,
1459 4516 1570 4577 Madnd,

345 4614 412 4761 Ἤ).
427 4693 468 4744 Cl.
482 4708 496 4742 ι
509 4693 554 4742 Los
567 4690 723 4752 Origenes»,
740 4686 784 4736 lib.
803 4688 839 4743 18,
853 4702 911 4750 cap.
922 4698 950 4746 41
967 4691 992 4734 et
1001 4696 1040 4748 59.

375 4776 413 4839 (3)
431 4774 471 4825 Cl.
481 4770 621 4841 praesertim
629 4766 748 4820 Conciti·
757 4782 825 4818 anno
836 4764 1072 4817 Mccccmtxtu
1085 4763 1211 4829 (Arandal
1225 4768 1249 4810 et
1265 4756 1572 4810 annoMCCCCLXXX

344 4856 446 4922 (Aicalrt
460 4854 492 4904 de
505 4853 630 4916 Honores)
645 4852 812 4915 congregata.
