3475 5609
851 539 953 608 ιιι-φ
972 557 1014 572 .-

322 680 432 752 etiam
454 685 538 755 novi
553 681 694 783 aliquid
719 699 756 760 et
788 687 977 762 dramatici
1014 690 1065 760 ita
1099 685 1256 760 induunt
1286 697 1327 760 ut
1364 712 1440 760 non
1470 684 1545 784 jam

322 793 490 871 bucolica
504 815 674 896 poemata
709 803 774 877 sed
802 809 936 905 «quasi
956 802 1187 878 comoediae»
1213 826 1294 877 esse
1325 802 1537 877 videantur.

323 911 433 1006 Quod
453 920 640 1014 perspicue
661 919 844 995 discernes
870 926 1003 995 sicum
1027 919 1185 1018 Dialogo
1220 928 1351 993 «entre
1376 920 1414 994 el
1431 921 1545 994 Amor

316 1054 415 1126 yun
442 1027 546 1128 Viejo
562 1061 581 1101 »
601 1058 624 1105 a
658 1036 747 1108 Cota
780 1040 914 1135 scripto
947 1035 1149 1135 Ecglogam
1178 1035 1374 1108 contuleris
1404 1039 1443 1106 in
1472 1059 1547 1134 qua

323 1142 509 1237 Cristino,
545 1148 718 1250 Justz'n0‚
752 1153 789 1226 F
789 1153 946 1252 ebeaque,
965 1165 1002 1226 et
1021 1151 1166 1248 Cupido
1185 1150 1479 1226 confabulantur.
1503 1151 1546 1224 ln

279 1327 285 1342 ,
322 1260 451 1336 eadem
490 1267 588 1336 enim
622 1272 776 1342 materia
801 1285 1000 1359 versantur,
1036 1268 1101 1342 sed
1139 1269 1236 1342 dum·
1261 1265 1546 1366 triumphantem

206 1396 210 1403 ·
323 1401 499 1450 amorem·
533 1393 733 1472 ostentant,
774 1384 897 1484 lyricis
934 1385 1126 1483 Dialogus,
1169 1384 1381 1458 dramaticis
1417 1394 1546 1457 contra

323 1493 516 1568 virtutibus
558 1497 724 1598 Ecgloga
750 1500 865 1576 floret.
902 1501 1004 1597 Quid
1028 1501 1126 1600 quod
1163 1505 1263 1575 omni
1297 1526 1361 1600 spe
1393 1493 1546 1573 'orbatus

322 1610 360 1683 F
361 1606 457 1684 ileno
474 1611 583 1688 vitam
599 1615 751 1691 tolerare
770 1643 845 1692 non
860 1630 991 1717 potest,
1013 1633 1060 1697 et.
1084 1617 1200 1692 dolori
1217 1622 1344 1715 impar,
1368 1614 1543 1714 nullaque

323 1724 503 1802 solatione
527 1745 734 1820 contentus,
773 1735 889 1809 cultro
919 1748 1044 1833 pectus
1081 1734 1158 1832 ipse
1189 1732 1379 1832 perfodit?
1411 1733 1547 1806 Nonne

323 1846 502 1940 tragicum
528 1850 642 1943 spirat
669 1851 790 1924 satis?
810 1850 911 1944 Quid
943 1850 1091 1925 tandem
1126 1854 1220 1924 inter
1252 1849 1452 1923 breviorem
1480 1847 1546 1920 sed

322 1983 445 2030 veram
477 1963 695 2062 tragoediam
733 1981 767 2040 et
804 1966 970 2041 Placidae
1007 1968 1262 2065 Vitorianique
1301 1963 1546 2038 miserabilem

323 2099 448 2149 casum
470 2079 619 2152 interest
635 2085 706 2154 nisi
726 2085 822 2182 quod
847 2084 974 2157 Venus
993 2096 1029 2157 et
1047 2082 1249 2157 Mercurius
1278 2106 1414 2154 numen
1434 2083 1546 2152 inter-

322 2205 464 2288 ponunt
492 2206 531 2267 ut
560 2199 698 2270 amanti
719 2211 879 2273 amatam
914 2211 1097 2297 postremo
1128 2198 1284 2272 reddant
1315 2210 1351 2270 et
1383 2195 1543 2270 dolorem

323 2311 361 2380 in
391 2307 558 2382 laetitiam
593 2317 836 2388 convertant?
860 2314 995 2388 Nonne
1013 2318 1105 2389 varii
1139 2338 1373 2412 personarum
1393 2312 1546 2386 affectus

322 2421 424 2521 digni
459 2439 544 2499 sunt
571 2431 633 2525 qui
659 2432 696 2500 in
728 2429 931 2505 dramatico
958 2456 1065 2530 opere
1080 2431 1338 2528 exponantur?
1361 2427 1544 2503 Vitoriani

289 2639 296 2652 ι
321 2538 418 2612 enim
450 2567 472 2614 a
510 2541 664 2616 Placida
684 2544 871 2634 alienatio,
903 2572 987 2646 quae
1014 2546 1106 2619 nihil
1139 2549 1285 2647 gravius
1308 2544 1419 2618 habet
1435 2569 1544 2643 quam

321 2655 418 2730 leves
438 2656 513 2732 illae
533 2670 569 2731 et
591 2660 818 2758 quotidianae
838 2666 932 2736 inter
950 2675 1114 2737 amantes
1137 2666 1210 2748 irae,
1239 2658 1446 2735 miseranda
1460 2685 1544 2733 mox

321 2773 362 2846 fit
388 2772 593 2871 desperatio
612 2790 647 2850 et
662 2776 795 2875 puellae
824 2769 992 2877 primum,
1014 2778 1156 2877 juvenis
1188 2777 1321 2851 deinde
1349 2775 1544 2850 consilium

320 2893 483 2964 concitat
503 2917 525 2964 a
543 2891 618 2967 vita
635 2892 875 2969 desciscendi.
913 2896 988 2984 Sic,
1013 2907 1154 2969 mortuo
1173 2893 1328 2982 calisto,
1355 2893 1446 2966 nihil
1466 2894 1544 2968 Me·

319 3005 418 3080 libea
445 3012 646 3106 promptius
666 3009 827 3085 habebat
846 3037 957 3110 quam
996 3010 1178 3086 infelicem
1198 3023 1383 3084 amantem
1412 3008 1543 3083 eadem

320 3134 356 3194 et
377 3121 558 3197 horrenda
577 3137 692 3199 morte
712 3131 922 3201 convenire.

250 3256 253 3262 '
367 3238 472 3312 Talis
495 3240 607 3314 Amor
626 3246 688 3342 qui
711 3256 764 3317 tot
800 3243 971 3318 lamentis
996 3257 1032 3318 et
1058 3241 1246 3318 funeribus
1279 3244 1440 3340 pascitur
1469 3267 1544 3315 non

319 3353 491 3428 mollibus
529 3361 762 3458 vicissimque
806 3360 957 3434 rudibus
990 3374 1053 3434 aut
1084 3359 1316 3457 elegantibus
1350 3357 1543 3431 blanditiis

318 3475 430 3545 utitur
449 3472 582 3571 quibus
612 3479 649 3547 in
669 3475 848 3573 prioribus
880 3476 1062 3575 lobannis
1098 3477 1162 3548 del
1189 3473 1337 3548 Encina
1371 3472 1545 3571 Ecglogis

319 3601 483 3687 pastores
502 3602 564 3663 aut
584 3595 752 3690 armigeri
774 3591 933 3690 puellam
954 3591 1115 3692 aliquam
1136 3591 1281 3665 allicere
1300 3590 1541 3664 conabantur.

319 3704 404 3778 Non
436 3709 536 3779 enim
568 3706 641 3804 jam
673 3707 750 3781 leve
771 3721 825 3782 est
844 3712 959 3781 animi
979 3708 1151 3798 studium,
1171 3706 1234 3780 sed
1254 3705 1432 3781 effrenata
1446 3706 1544 3804 cupi·

319 3819 415 3894 ditas
453 3847 539 3921 quae
564 3848 632 3897 nec
661 3828 802 3899 ratione
835 3826 1020 3925 exstingui
1059 3849 1127 3897 nec
1161 3821 1384 3897 deverticulo
1417 3820 1543 3920 aliquo

318 3937 436 4035 decipi
471 3949 603 4036 potest.
642 3941 792 4016 Inanem
829 3945 953 4039 itaque
990 3964 1138 4039 operam
1171 3938 1357 4014 Cardom'o
1394 3941 1545 4012 insumit

210 4113 212 4118 .
318 4081 400 4129 cum
440 4054 581 4129 ardenti
615 4056 743 4131 Fileno
786 4057 942 4132 consilia
984 4056 1111 4130 aliene
1144 4060 1255 4155 cupit.
1292 4053 1393 4149 Quid
1419 4053 1544 4126 audiat

318 4197 475 4246 vesanus
503 4171 563 4246 ille
592 4178 654 4272 qui
685 4173 866 4249 insaniam
898 4199 1000 4248 suam
1025 4186 1061 4247 et
1081 4185 1304 4272 compertam
1331 4170 1443 4245 habet
1476 4194 1544 4243 nec

318 4287 394 4365 vult
443 4291 605 4364 sanare?
655 4288 907 4364 Nihilominus
950 4315 1077 4362 amens
1111 4286 1286 4364 Cristr'no
1319 4285 1443 4360 evadit
1480 4284 1543 4384 qui

281 4446 294 4470 ·
317 4429 476 4482 amorem
511 4408 637 4479 mortis
665 4405 808 4482 fratrem
841 4431 921 4481 esse
949 4409 1134 4480 existimat
1153 4419 1201 4497 et,
1226 4404 1394 4502 neglecta
1417 4415 1543 4477 tamen

85 4591 88 4604 ,
182 4601 186 4606 ,
316 4520 464 4620 placida
503 4533 539 4594 et
584 4521 747 4596 solitaria
779 4521 864 4612 vita,
914 4525 1011 4596 viam
1038 4519 1239 4618 ingreditur
1272 4519 1469 4594 dolendam
1503 4517 1542 4590 in

316 4663 404 4738 qua,
436 4640 492 4712 sui
530 4640 726 4737 impotem,
767 4664 959 4738 nunquam
992 4637 1153 4711 lacrimis
1189 4637 1410 4710 satiabitur?
1461 4634 1543 4708 Pla·

315 4755 435 4828 eidam
456 4779 601 4854 quoque
637 4754 724 4830 audi
753 4779 890 4847 cum,a
922 4755 1115 4828 Vitoriano
1147 4753 1283 4843 relicta,
1317 4777 1381 4851 per
1399 4763 1543 4826 montes

144 999 163 1046 Ι
