3475 5609
736 566 897 631 ..5.-

205 711 336 810 lepidis
355 727 390 787 et
416 714 587 812 ingenuis
607 712 725 787 verbis
739 713 869 787 Calisti
887 712 1071 811 cupiditas
1081 731 1117 786 et
1135 712 1309 787 Melibeae
1326 738 1429 788 amor

202 832 358 925 primum
378 829 646 931 depinguntur!
664 830 733 903 Per
753 829 911 901 mediam
929 842 1073 902 noctem
1094 842 1131 902 et
1145 855 1165 902 e
1180 828 1303 903 terreis
1317 842 1427 927 portae
1504 829 1507 834 ’

202 944 376 1019 cancellis
395 960 631 1045 prospectans
658 945 826 1042 juvenem
854 944 976 1042 puella
1003 959 1082 1019 orat
1111 972 1157 1018 ne
1185 948 1331 1043 incepto
1350 972 1426 1044 per·

202 1081 350 1135 maneat
377 1078 413 1136 et
439 1062 542 1135 larnae
581 1062 702 1135 adhuc
733 1065 880 1134 intactae
913 1061 1082 1159 injuriam
1116 1060 1267 1158 injiciat.
1304 1061 1424 1154 Quem

200 1200 284 1250 cum
297 1182 541 1252 excruciatum
554 1195 589 1251 et
609 1177 710 1250 nullo
740 1180 810 1249 nisi
834 1176 1010 1249 moriendi
1032 1176 1188 1249 consilio
1208 1189 1423 1252 contentum

199 1290 298 1364 videt
321 1295 371 1365 ita
392 1294 648 1368 'misericordia
667 1304 915 1366 commovetur
944 1307 982 1366 ut
1002 1291 1116 1365 animi
1143 1306 1282 1366 secreta
1304 1293 1423 1367 celare

198 1433 273 1480 non
294 1414 407 1506 possit
431 1423 480 1498 et,
507 1410 712 1483 exsultante
743 1408 897 1499 Calist0,
921 1414 1026 1507 quasi
1043 1408 1144 1483 ebria
1171 1422 1208 1512 et
1230 1412 1310 1507 ipsa
1340 1410 1419 1485 fiat.

193 1525 374 1621 Juvenem
411 1538 534 1600 tamen
563 1537 723 1599 moratur
749 1525 809 1623 qui
845 1541 987 1621 portam
1021 1524 1188 1623 frangere
1207 1537 1361 1599 conatur
1386 1540 1422 1601 et

195 1665 278 1714 eum
301 1642 513 1716 dulcissima
532 1641 712 1715 solatione
741 1641 878 1715 solatur
903 1656 942 1714 ut
961 1668 1042 1740 quae
1062 1668 1100 1714 se
1124 1656 1158 1715 et
1185 1667 1271 1715 suos
1290 1655 1326 1715 et
1345 1640 1421 1739 ejus

194 1755 338 1831 dolores
357 1762 432 1857 pati
448 1758 657 1855 profiteatur
675 1771 711 1830 et
730 1782 768 1830 se
788 1772 934 1853 postera
957 1770 1066 1832 nocte
1087 1757 1277 1831 visendam
1293 1757 1421 1832 offerat

245 1874 341 1968 Quae
355 1878 407 1947 sic
421 1878 584 1971 ingenuo
603 1873 727 1947 animo
742 1871 945 1970 pollicetur,
960 1884 996 1947 et
1012 1872 1086 1947 alia
1100 1872 1249 1977 quidem
1265 1898 1419 1972 quorum

193 1992 372 2063 rationem
393 1989 491 2064 haud
509 1989 630 2079 habet,
655 1990 834 2064 Calistum
854 1988 1016 2063 Melibea
1037 1988 1210 2086 impedire
1225 2013 1301 2062 non
1323 1989 1419 2063 valet

164 2108 285 2209 'quin
325 2108 483 2205 accipiat
513 2119 575 2180 aut
606 2106 745 2204 eripiat.
783 2104 940 2180 Pleberii
971 2109 1069 2179 enim
1101 2109 1139 2179 in
1178 2104 1321 2179 bortum
1357 2130 1421 2203 per

192 2222 365 2295 tenebras
384 2222 443 2297 vix
462 2224 604 2320 juvenis
628 2228 762 2321 irrupit,
790 2238 825 2297 et
845 2221 980 2297 dilecto
1014 2222 1185 2321 amplexu
1214 2248 1288 2296 non
1322 2222 1418 2319 prius
1442 2265 1454 2289 .-

192 2337 362 2411 avellitur
398 2364 508 2439 quam
547 2343 673 2413 omnia
709 2354 746 2413 et
795 2338 1024 2412 validissima
1072 2339 1221 2436 pudoris
1271 2338 1417 2424 vincula

191 2453 400 2529 exsolverit.
425 2455 580 2552 Culpam
609 2453 853 2529 insanabilem
885 2470 921 2528 et
943 2468 1084 2530 tantum
1122 2455 1225 2553 genti
1255 2453 1415 2529 dedecus

191 2570 390 2645 admissum
407 2571 568 2645 Melibea
587 2576 741 2669 primurn
769 2571 989 2645 lamentatur
1008 2606 1015 2663 ;
1036 2573 1114 2662 sed,
1133 2569 1236 2647 nullo
1254 2570 1414 2646 remedio
1450 2634 1454 2639 ,
1474 2579 1477 2583 ’
1508 2619 1516 2638 .

191 2690 284 2778 viso,
324 2692 360 2761 in
399 2713 558 2763 amorem
593 2688 726 2762 deinde
751 2691 821 2760 ruit
845 2700 880 2761 et
925 2692 963 2760 in
991 2687 1122 2761 ultimo
1160 2712 1243 2761 curn
1273 2686 1415 2762 Calisto

190 2802 375 2903 colloquio
403 2832 477 2878 non
508 2804 555 2877 ab
581 2830 626 2878 eo
645 2829 707 2901 per
725 2803 958 2878 occasionem
987 2808 1124 2901 rapitur
1151 2804 1214 2878 sed
1235 2829 1315 2878 sese
1334 2807 1414 2900 ipsa

188 2924 221 2992 ei
242 2919 399 2995 libenter
416 2919 538 2996 tradit.
558 2922 700 2997 «Tune
721 2920 781 2994 bic
801 2947 852 3009 eS,
884 2919 1066 2994 exclamat
1086 2920 1280 3019 illaquam
1314 2919 1413 3016 prius

188 3041 389 3110 canentem
400 3035 544 3113 Calr'sto
559 3036 713 3111 latenter
729 3036 892 3110 audierat
902 3050 938 3109 et
952 3062 1050 3109 nunc
1067 3036 1177 3109 habet
1189 3034 1408 3134 amplexam,

187 3165 274 3225 tune
294 3152 353 3227 hic
372 3179 425 3242 ea,
443 3158 569 3228 anima
588 3158 668 3251 ipsa
687 3166 721 3227 et
746 3154 931 3227 corculum
955 3178 1073 3226 rneunr
1088 3155 1104 3225 P
1120 3152 1192 3226 Ubi
1209 3151 1411 3225 absconsus

186 3292 276 3359 eras,
301 3268 525 3345 lucidissime
538 3270 592 3343 sol
606 3273 664 3344 l...
689 3270 762 3344 Cur
778 3296 835 3343 me
849 3296 959 3344 rauca
971 3283 1007 3343 et
1027 3268 1184 3342 absurda
1201 3293 1282 3340 mea
1298 3266 1412 3341 instar

185 3388 291 3482 cycni
322 3412 411 3463 voce
441 3387 571 3462 frustra
604 3392 723 3461 aerem
758 3387 944 3461 verberare
964 3410 1093 3485 passus
1123 3386 1193 3459 es?
1212 3385 1329 3458 Totus
1349 3382 1410 3458 hic

185 3500 310 3610 hortus
325 3518 448 3579 noster
461 3506 623 3579 adventu
632 3519 695 3579 tuo
711 3530 806 3578 nova
821 3504 946 3577 laetitia
959 3505 1156 3577 inducitur.
1169 3501 1265 3576 Vide
1284 3500 1410 3575 lunam

186 3621 279 3693 inter
298 3620 578 3695 innumerabilia
607 3620 723 3695 sidera
744 3620 1005 3718 prolucentem.
1042 3621 1178 3694 Nonne
1205 3620 1409 3692 suaviorem

184 3732 303 3809 lucem
337 3736 471 3810 coelum
492 3762 654 3811 exserere
692 3736 861 3810 videtur?
894 3735 990 3809 Vide
1011 3734 1126 3808 nubes
1154 3758 1263 3833 quam
1283 3732 1410 3831 rapide
1487 3830 1492 3839 Ι

183 3873 247 3946 per
266 3852 433 3926 coelestia
452 3858 571 3953 spatia
593 3852 769 3954 diffugere
788 3866 1007 3950 properant:
1030 3851 1115 3923 audi
1145 3850 1241 3925 hanc
1274 3874 1410 3948 aquam

183 3965 295 4066 longe
315 3974 481 4045 suaviore
502 3996 600 4043 nunc
621 3994 799 4043 murmure
818 3994 882 4066 per
900 3966 1108 4041 viridarium
1125 3965 1195 4039 hoc
1218 3963 1409 4038 florescen-

183 4086 273 4158 tium
295 4085 486 4161 herbarum
516 4086 561 4161 de
593 4085 693 4173 fonte
725 4084 991 4159 decurrentem.
1016 4084 1157 4156 Ventus
1176 4085 1288 4155 etiam
1309 4106 1409 4154 com·

182 4204 427 4297 positissimus
464 4228 606 4277 summa
639 4206 811 4299 temperie
849 4204 975 4274 omnia
1017 4196 1215 4298 permulcet
1242 4210 1279 4271 et
1303 4200 1428 4296 quasi·
1496 4258 1499 4263 .

182 4341 291 4392 voces
311 4332 455 4394 mutuas
474 4317 644 4396 foliorum
661 4315 848 4390 hincinde
867 4314 1020 4415 perterre
1040 4315 1263 4412 propositum
1280 4311 1403 4385 habet.

184 4430 455 4510 Placidissimae
477 4447 563 4509 sunt
592 4433 767 4540 'arborum
806 4432 946 4507 umbrae
980 4444 1016 4504 et
1048 4429 1291 4504 obscuritates
1322 4452 1408 4501 suas

182 4552 409 4628 condensare
440 4546 620 4627 conantur
638 4564 676 4624 ut
701 4549 840 4625 furtivis
860 4552 992 4623 nostris
1010 4543 1259 4643 voluptatibus
1277 4548 1406 4641 gratis·

181 4670 313 4744 simum
329 4668 509 4744 inducant
523 4683 719 4768 tegmen...
739 4665 839 4760 Quid
862 4670 917 4738 vis
936 4668 1115 4738 cantitare
1131 4687 1201 4753 me,
1216 4660 1406 4733 Amasium

180 4787 335 4866 meum?
357 4786 590 4863 Desiderium
616 4796 716 4860 tuum
750 4808 876 4859 vocem
906 4807 1024 4855 meam
1054 4777 1233 4853 incitabat
1262 4786 1300 4849 et
1326 4775 1401 4877 ejus
