3475 5609
876 377 1055 437 -116-

356 532 506 632 ejusque
521 535 689 632 discipuli
707 535 897 625 adhibent,
916 542 981 609 etsi
1000 536 1179 634 quasdam
1202 565 1268 611 nec
1290 565 1431 639 semper
1459 544 1583 620 lelices

356 649 546 747 praelerunt
565 656 796 740 mutationes,
821 657 1133 749 originemntamen
1155 654 1293 727 ducunt
1309 656 1356 729 ab
1369 659 1441 733 illis
1455 659 1582 758 figuris

354 792 435 864 quae
454 770 491 838 in
514 767 703 840 Celestintr
722 783 928 855 versantur;
952 784 996 843 et.
1036 785 1072 841 ut
1094 770 1267 866 quaedam
1290 774 1459 871 exempla
1478 803 1580 852 usur·

353 908 492 979 pemus‚
518 911 642 956 nonne
678 885 820 962 Calz'sto
840 888 1038 956 maximam
1074 889 1128 956 sui
1166 898 1303 982 partem
1335 887 1385 961 illi
1417 916 1580 987 personae

353 1025 433 1096 quae
474 998 491 1066 t
504 1003 622 1098 galati
637 1031 654 1068 »
692 1000 899 1098 perhibetur
929 999 1127 1097 praebuisse
1161 1001 1309 1092 videtur,
1354 1025 1578 1108 quamquam

352 1116 495 1191 alienus
509 1121 555 1190 sit
570 1117 617 1189 ab
634 1117 697 1190 illo
718 1120 828 1190 nimis
847 1121 1031 1214 exquisito
1051 1132 1086 1189 et
1116 1116 1336 1214 quibusdam
1357 1128 1462 1219 quasi
1481 1125 1578 1198 cala·

351 1237 485 1306 mistris
523 1238 645 1308 inusto
682 1258 849 1307 sermone
887 1259 960 1330 quo
999 1232 1113 1306 multo
1148 1231 1322 1308 libentius
1361 1266 1379 1305 «
1402 1239 1522 1338 golan
1556 1272 1576 1311 r>

255 1343 258 1349 ¹
351 1351 411 1423 ille
449 1354 570 1423 utitur.
598 1352 675 1424 Nec
697 1349 832 1422 infelici
868 1366 904 1420 et
933 1347 1158 1421 dulcissimae
1188 1350 1357 1424 Melibeae
1389 1370 1572 1450 praestant,

348 1471 517 1564 quamvis
549 1471 684 1539 eximio
728 1469 892 1537 eniteant
937 1463 1068 1559 lepore,
1114 1494 1132 1530 «
1158 1467 1320 1537 damas»
1352 1467 1576 1567 illaelsolitae

348 1584 444 1680 apud
485 1586 703 1654 recentiores
754 1597 881 1678 poetas
926 1607 945 1650 e
984 1581 1174 1652 reticulata
1224 1579 1380 1655 fenestra
1417 1591 1576 1659 amantis

347 1719 495 1773 cantum
517 1698 663 1772 auribus
680 1697 868 1769 exhaurire
890 1712 953 1768 aut
974 1710 1111 1767 mutata
1133 1714 1229 1768 veste
1253 1714 1286 1769 et
1308 1698 1408 1773 vultu
1429 1705 1467 1773 in
1493 1707 1573 1776 tris-

346 1821 464 1888 titiam
485 1819 689 1911 composito
706 1813 857 1886 infidum
879 1813 1045 1908 juvenem
1077 1812 1258 1886 insectari.
1277 1815 1371 1908 Quis
1392 1831 1514 1890 autem
1535 1823 1572 1891 in

346 1932 449 2005 horto
475 1933 630 2006 Pleberii
665 1931 708 2002 de
743 1954 864 2001 amore
898 1954 964 2002 suo
992 1945 1094 2000 tanta
1126 1953 1207 2000 cum
1236 1927 1431 2004 dulcedine
1460 1933 1571 2007 collo·

345 2069 498 2144 quentes
514 2049 668 2144 impares
695 2048 814 2118 dicere
848 2043 1030 2117 dubitabit
1056 2044 1256 2148 notissimis
1274 2046 1494 2136 amantibus
1536 2066 1571 2124 et

346 2167 417 2238 illis
441 2170 550 2238 etiam
577 2197 595 2233 <t
621 2166 749 2237 Romen
781 2174 813 2234 el
847 2162 980 2262 Juliet
1005 2190 1038 2248 >›‚
1071 2161 1204 2259 quibus
1235 2165 1273 2233 in
1313 2165 1572 2260 posterioribus

342 2282 532 2354 comoediis
562 2279 729 2353 delectati
752 2279 908 2350 sumus?
942 2277 1019 2349 Nec
1047 2280 1157 2364 satis;
1199 2276 1319 2348 dicam
1341 2283 1439 2350 enim
1461 2281 1570 2377 plane
1626 2307 1630 2312 ·

341 2397 438 2496 quod
458 2401 590 2471 sentio.
624 2397 716 2470 Cum
745 2393 962 2466 Calderonis
993 2418 1153 2488 personae
1183 2398 1401 2491 exquisitius
1434 2402 1569 2472 sentire

340 2533 375 2590 et
396 2515 565 2589 subtilius
586 2514 685 2610 loqui
708 2511 911 2595 videantur,
941 2509 1074 2605 majore
1095 2535 1162 2581 nos
1179 2509 1345 2582 detinent
1364 2511 1502 2608 gaudio
1517 2513 1568 2587 illi

342 2637 522 2712 Fernandi
554 2635 664 2704 nostri
687 2627 940 2700 adolescentes
971 2629 1008 2694 in
1038 2624 1171 2721 quibus
1196 2628 1350 2699 sincerae
1376 2640 1412 2700 et
1431 2628 1480 2701 ab
1492 2645 1568 2703 arte

255 2761 259 2776 ’
340 2758 460 2834 lucata
480 2751 730 2824 remotissimae
751 2742 1131 2815 illecebraeeminent.

388 2870 504 2945 Nobis
524 2891 607 2938 vero
627 2865 672 2934 ad
694 2859 849 2938 lamulos
869 2855 1147 2952 respicientibus
1167 2855 1241 2929 tale
1257 2857 1458 2956 quidquam
1469 2885 1566 2958 repe-

338 2995 471 3064 rietur:
496 3007 625 3077 nempe
652 2979 717 3050 hos
738 2974 976 3047 recentiorum
1002 2971 1272 3044 eomoediarum‘
1293 2975 1478 3048 ministros
1494 2977 1564 3059 sibi

300 3091 304 3106 ’
336 3131 400 3204 pro
414 3103 505 3176 virili
529 3113 629 3196 parte
647 3097 680 3166 F
680 3097 843 3165 ornando
859 3092 903 3160 de
922 3088 1037 3186 Rojas
1058 3087 1245 3161 vindicare
1267 3088 1411 3184 poterit.
1430 3091 1565 3167 Nonne

335 3237 418 3295 sunt
439 3233 475 3292 et
493 3218 559 3313 ipsi
595 3237 676 3285 curn
700 3206 954 3304 arrogantibus
987 3205 1104 3276 verbis
1136 3207 1271 3300 ignavi,
1296 3220 1331 3277 et
1351 3208 1388 3277 in
1416 3231 1563 3305 respon·
1658 3218 1663 3228 '

335 3338 457 3410 dendo
477 3334 628 3410 alacres,
654 3345 689 3399 et
709 3323 852 3398 edendo
887 3321 1062 3394 voraces?
1086 3319 1328 3412 Quinetiam,
1352 3324 1415 3419 qui
1439 3353 1456 3390 (t
1472 3346 1562 3423 gra·

331 3453 459 3528 croso»
493 3449 637 3534 dicitur,
664 3467 736 3541 quo
757 3443 877 3536 magis
898 3443 935 3509 in
956 3436 1035 3508 dies
1065 3434 1248 3533 popularis
1279 3434 1333 3524 fit,
1359 3461 1404 3510 eo
1430 3437 1561 3513 clarius
1599 3467 1620 3541 '.

333 3541 519 3643 inlucem
539 3561 671 3660 prolert
702 3558 767 3629 bas
798 3554 889 3627 duas
908 3554 1108 3626 contrarias
1141 3577 1185 3624 err
1218 3549 1353 3648 quibus
1382 3551 1562 3631 conflatur

331 3699 462 3782 partes,
496 3704 588 3779 quas
607 3677 791 3773 praecipuc
817 3669 1048 3773 adamavisse
1076 3666 1264 3763 Hispanos
1283 3673 1440 3758 constat,
1463 3669 1560 3743 scili·
1591 3663 1607 3692 '

330 3818 388 3876 cet
410 3801 509 3872 illam
526 3792 735 3889 Sempronii
764 3801 799 3861 et
840 3787 1083 3859 Parmenonis
1116 3786 1354 3857 rusticitatem
1387 3797 1424 3858 et
1455 3784 1558 3860 illum

330 3917 377 3990 ad
405 3913 574 3988 sublimia
601 3919 742 3983 tantum
779 3903 993 3976 tendentem
1013 3900 1179 3974 ardorem
1204 3924 1278 3996 quo
1301 3898 1447 3974 calisto
1465 3906 1560 4002 rapi·

329 4048 397 4106 tur.
430 4031 507 4103 Nec
537 4029 625 4099 satis
641 4057 648 4114 ;
689 4007 869 4094 interdum
898 4029 935 4090 et
973 4017 1168 4090 Fernando
1204 4016 1248 4088 de
1279 4014 1395 4115 Rtp'as
1414 4016 1556 4095 deside·

307 4127 419 4222 'rium
452 4148 506 4220 sui
541 4137 724 4237 relinquit.
759 4137 842 4209 Non
872 4136 971 4206 enim
1004 4146 1080 4205 tam
1120 4131 1368 4229 Hispanomm
1403 4136 1555 4232 ingenio

327 4277 578 4338 consentanea
603 4277 712 4354 quam
733 4274 880 4325 omnem
906 4251 1096 4350 veritatem
1119 4245 1337 4322 excedentia
1370 4249 1555 4331 calderon

327 4396 411 4454 ante
445 4361 734 4450 ocutos'nosrros
757 4366 929 4438 obversat
961 4367 1023 4461 qui
1055 4389 1156 4461 saepe
1183 4366 1223 4438 itt
1255 4362 1449 4439 comoediis
1475 4369 1554 4440 suis

325 4495 428 4594 quasi
449 4493 539 4568 duas
565 4501 600 4563 et
630 4490 723 4558 inter
743 4508 782 4555 se
809 4492 1017 4580 pugnantes
1042 4478 1186 4553 tabutas
1205 4481 1430 4560 intermiscet
1459 4505 1549 4580 qua·

325 4637 402 4696 rum
422 4609 536 4685 altera
551 4614 718 4680 amantes
744 4598 915 4672 dominos
933 4595 1206 4672 delicatissimis
1224 4593 1418 4681 uirtutibus
1435 4596 1550 4699 extol-
