3475 5609
755 582 912 626 ...11-

221 727 371 827 pauiam
400 740 528 800 natura
554 739 589 799 et
610 726 774 830 quodam¹
802 730 971 824 ingenito
992 739 1092 798 motu
1118 722 1273 813 sublime
1299 718 1445 817 spirare.

221 842 298 919 Sed
312 846 342 917 si
363 841 619 940 magnitudine
645 868 759 915 rerum
781 843 945 922 trahitur,
970 868 1044 914 non
1061 843 1182 912 minus
1202 865 1245 910 ex
1265 838 1448 908 contrario

221 960 367 1033 horrida
377 978 412 1033 et
424 982 551 1056 aspera
562 958 652 1031 etad
666 972 783 1031 truces
797 984 896 1054 saepe
908 962 1154 1055 cogitationes
1164 954 1238 1051 rapi
1252 951 1444 1024 videbitur.

221 1076 306 1149 Non
326 1101 401 1150 una
420 1079 566 1148 enimet
577 1074 730 1171 simplex
747 1078 885 1147 exstitit
907 1074 969 1145 illa
988 1098 1081 1171 gens
1101 1072 1163 1145 sed
1182 1097 1227 1143 ex
1247 1071 1397 1141 (liversis
1413 1078 1448 1136 et

221 1190 315 1265 inter
344 1218 382 1265 se
403 1187 655 1289 pugnantibus
687 1190 848 1263 moribus
880 1206 1048 1263 constare
1069 1189 1230 1261 videtur:
1255 1184 1313 1256 hic
1340 1185 1449 1279 igitur

223 1312 390 1380 invenias
410 1320 446 1381 et
462 1304 598 1402 insigni
614 1308 750 1403 pietate
771 1306 946 1402 praeditos
961 1306 1153 1403 pontifices
1168 1318 1204 1375 et
1219 1304 1319 1375 omni
1337 1298 1446 1370 laude

222 1421 411 1496 decoratos
432 1422 573 1495 nobiles
588 1415 623 1493 et
644 1421 804 1495 latrones
826 1422 998 1495 omnibus
1020 1421 1216 1494 sceleribus
1241 1416 1398 1489 loedatos
1412 1425 1448 1485 et

221 1540 374 1613 lenones
393 1551 430 1611 et
442 1537 545 1611 lenas
561 1548 596 1609 et
607 1536 635 1609 si
653 1538 741 1635 quid
758 1538 880 1612 adhuc
897 1538 1034 1636 turpius
1048 1552 1109 1611 aut
1124 1535 1232 1610 vilius
1247 1533 1446 1628 excogitari

221 1668 351 1753 potest.
376 1654 453 1730 Nec
485 1653 601 1726 solum
623 1652 799 1727 discretos
814 1672 849 1728 ct
869 1659 1056 1753 oppositos
1074 1655 1130 1727 his
1159 1655 1272 1725 tantis
1293 1649 1449 1721 dissimi-

222 1770 440 1845 litudinibus
460 1769 629 1842 homines
660 1770 763 1843 offert
794 1772 988 1869 Hispania,
1012 1770 1075 1843 sed
1109 1774 1220 1842 etiam
1249 1772 1286 1838 in
1316 1761 1445 1836 iisdem

222 1885 434 1960 hominibus
447 1884 573 1983 juncta
585 1888 732 1983 penitus
745 1912 829 1985 quae
846 1886 989 1961 soleant
1002 1887 1089 1959 alibi
1105 1886 1259 1957 discreta
1276 1882 1443 1953 inveniri.

222 2004 264 2077 Si
285 2003 412 2075 ardore
431 2016 467 2076 et
487 2006 624 2098 impetu
645 2007 778 2075 mentis
800 2002 845 2074 ad
864 2002 1036 2076 sublimia
1052 2001 1223 2099 Hispani,
1245 2000 1347 2097 quasi
1365 1994 1447 2091 lege

222 2118 382 2218 quadam
405 2131 545 2191 naturae
561 2144 648 2203 suae,
673 2119 886 2207 evehuntur,
906 2144 980 2191 non
1002 2124 1123 2191 minus
1142 2131 1237 2192 aestu
1253 2114 1446 2210 sanguinis

223 2236 269 2309 ad
284 2233 470 2333 impudica
489 2246 525 2306 et
538 2233 711 2333 probrosa
731 2234 979 2331 impelluntur,
1002 2262 1070 2307 nec
1089 2234 1232 2306 facilius
1259 2256 1322 2305 eos
1346 2225 1445 2299 cohi·

224 2351 326 2439 beaS,
341 2354 416 2423 sive
432 2350 478 2423 ad
498 2355 648 2423 virtutes
662 2354 827 2440 eximias,
850 2356 926 2425 sive
937 2352 983 2423 ad
1004 2351 1184 2424 luxuriam
1202 2341 1444 2447 flagitiosissi-

133 2562 138 2571 ι
226 2492 323 2539 mam
337 2469 485 2539 irruant.
501 2463 691 2564 Quidquid
703 2491 787 2540 vero
800 2485 914 2564 agant
927 2467 1034 2540 iidem
1055 2468 1284 2540 invenientur
1298 2497 1304 2553 ;
1317 2460 1444 2534 eadem

224 2587 259 2657 vi
287 2585 469 2656 contraria
506 2586 694 2679 arripiunt,
726 2587 859 2680 pariter
888 2597 988 2655 extra
1018 2582 1164 2656 modurn
1193 2590 1442 2678 exsurgentes,

222 2702 298 2774 sive
332 2696 429 2771 mala
456 2698 604 2795 gaudia,
639 2702 714 2798 sive
747 2698 948 2773 clarissima
984 2700 1080 2773 lacta
1109 2704 1235 2772 animo
1260 2706 1441 2795 reputant.

226 2816 414 2911 Hispanus
429 2818 527 2885 enim
548 2815 654 2886 simul
674 2828 711 2887 et
731 2815 942 2889 fortitudine
961 2822 1029 2890 erit
1050 2820 1207 2913 insignis
1227 2807 1262 2887 et
1281 2812 1443 2899 feritate,

223 2934 358 3029 pietate
378 2932 513 3002 eximia
533 2929 685 3003 clarebit
705 2946 739 3003 et
760 2930 976 3005 libidinibus
991 2932 1188 3005 foedabitur
1206 2928 1443 3027 turpissimis;

224 3043 468 3118 lerocissimus
483 3044 549 3118 erit
571 3062 617 3135 et,
642 3052 671 3119 si
700 3049 787 3120 data
807 3062 861 3121 est
880 3054 1042 3136 occasio,
1065 3047 1304 3121 humillimus,
1327 3048 1377 3116 ita
1393 3056 1445 3128 ut,

224 3164 254 3233 si
270 3159 360 3233 velis
375 3159 421 3233 ad
437 3186 500 3234 eos
518 3161 776 3236 describendos
796 3167 840 3235 iis
860 3169 912 3237 uti
927 3165 1053 3262 figuris
1073 3164 1207 3261 quibus
1223 3165 1291 3259 ipsi
1312 3159 1443 3244 solent,

226 3301 301 3349 non
316 3302 423 3373 prave
444 3276 641 3377 depingere
662 3284 779 3377 possis
800 3280 929 3355 habitu
948 3297 983 3354 et
1003 3281 1119 3378 figura
1135 3278 1281 3352 eximiae
1297 3276 1450 3374 virginis

226 3395 264 3464 in
281 3391 356 3465 luto
376 3391 519 3489 penitus
535 3393 646 3490 pedes
668 3396 800 3469 infixos
820 3396 1004 3470 habentis.

275 3508 369 3581 Haec
405 3521 526 3582 autem
565 3512 757 3585 contraria⁴
783 3528 817 3585 et
848 3513 990 3586 absona
1024 3538 1213 3612 nunquam
1249 3517 1286 3584 in
1325 3514 1450 3581 animo

227 3622 387 3698 habuere
419 3638 458 3697 ut
488 3626 648 3723 quodam
684 3627 793 3701 modo
831 3644 1082 3727 temperarent,
1122 3631 1256 3702 nedum
1290 3626 1452 3700 funditus

226 3738 352 3812 tollere
375 3744 606 3815 tentaverint.
638 3744 739 3818 'Haec
772 3758 826 3818 est
858 3772 971 3820 causa
991 3772 1067 3833 cur,
1093 3772 1174 3819 cum
1203 3742 1310 3817 simul
1330 3752 1452 3814 essent

226 3856 474 3952 superbissimi
497 3858 694 3947 hominum,
721 3860 749 3933 si
778 3862 823 3934 ad
846 3862 1019 3937 honorem
1041 3866 1226 3961 respicias,
1260 3874 1296 3933 et
1320 3855 1452 3931 humil-

228 3970 316 4058 limi,
343 3976 372 4043 si
397 3973 442 4043 ad
465 3972 564 4069 leges
582 4002 604 4046 a
621 3976 797 4072 religione
823 3978 992 4071 indictas,
1017 4005 1074 4053 ars
1099 3978 1163 4050 illa
1182 3977 1278 4074 apud
1295 3975 1377 4047 illos
1400 3977 1452 4045 in·

225 4100 333 4159 venta
355 4086 458 4159 luerit
475 4105 510 4161 et
532 4090 641 4187 paulo
663 4106 742 4188 post
761 4094 920 4190 perlecta
934 4099 1086 4168 evaserit
1110 4121 1183 4193 qua
1197 4090 1374 4191 quidquid
1396 4087 1451 4160 vel

226 4206 445 4297 cogitaveris
478 4205 532 4277 vel
565 4206 690 4280 [coeris
733 4211 953 4307 quibusdam
998 4210 1272 4284 conditionibus
1311 4208 1451 4307 ignosci

227 4318 353 4413 possit,
368 4317 469 4415 cujus
480 4324 568 4393 artis
590 4321 769 4397 beneficio
787 4326 878 4400 nihil
894 4354 984 4424 opus
1000 4341 1074 4401 erat
1094 4342 1133 4399 ut
1153 4326 1293 4425 aliquid
1309 4352 1329 4397 e
1343 4323 1450 4395 feroci

226 4439 352 4509 animo
380 4442 614 4529 remitterent,
651 4446 948 4545 quandoquidem
977 4448 1149 4546 pleraque
1187 4450 1267 4518 sine
1300 4442 1447 4529 scelere,

228 4551 306 4625 sine
324 4550 420 4626 noxa
440 4554 531 4627 effici
553 4571 732 4653 poterant.

277 4667 459 4767 Hispania
481 4674 593 4769 igitur
611 4674 703 4748 adeo
726 4672 779 4750 e'st
800 4678 941 4777 aliquid
961 4682 1146 4777 singulare
1166 4698 1205 4754 ut
1231 4678 1275 4752 vi·
1290 4677 1451 4776 quadam

226 4788 371 4882 propria
383 4810 446 4858 eas
462 4792 685 4864 mutationes
699 4794 929 4868 mediocriter
945 4802 1155 4893 cognoverit
1168 4825 1253 4896 quae
1269 4796 1337 4869 sub
1354 4794 1450 4865 idem

227 4910 371 4998 tempus
390 4905 523 5019 vicinis
537 4907 710 5003 gentibus
725 4922 866 4984 tantam
883 4917 938 4986 sui
958 4916 1197 5017 mutationem
1224 4915 1389 4989 attulere.
1409 4916 1451 4991 ln
