3475 5609
704 486 862 550 -,7-

163 640 344 713 dicacitas
374 648 409 709 et
441 638 601 708 mimicae
637 636 789 731 ineptiae
829 630 1131 719 admovebantur,
1154 644 1191 705 et
1217 658 1262 706 ex
1283 636 1389 706 veteri

164 754 229 827 illo
246 779 343 827 more
359 779 431 851 quo
452 750 599 825 modum
625 754 777 824 sacratis
791 747 1017 821 carminibus
1033 748 1192 846 quadam
1206 750 1393 822 cantilena

166 869 202 941 id
231 883 285 942 cst
306 898 323 939 <t
342 867 536 941 uz‘llancz'ro
557 898 575 937 ›>
606 865 845 964 imponebant
880 863 1084 961 intelligere
1111 865 1235 937 licebit
1260 864 1393 963 quibus

167 986 326 1058 vinculis
347 989 618 1057 innecterentur
632 997 667 1055 et
683 1007 738 1055 res
754 995 909 1053 sacratae
938 996 973 1053 et
1002 981 1187 1077 popularis
1216 981 1365 1054 licentia
1382 1012 1389 1072 ;

166 1086 236 1174 nec
279 1114 401 1173 tamen
447 1123 530 1173 cum
584 1096 791 1171 sacerdotes
835 1095 976 1169 salibus
1014 1094 1197 1169 laedantur
1228 1120 1392 1193 unquam

167 1214 314 1289 laeditur
335 1219 412 1312 ipsa
433 1212 584 1309 religio;
608 1237 722 1310 usque
750 1210 844 1284 adeo
871 1210 966 1307 apud
988 1210 1070 1285 illas
1084 1225 1214 1311 gentes
1251 1223 1394 1285 sacrata

167 1346 202 1405 et
233 1335 333 1405 omni
362 1356 485 1405 amore
517 1346 553 1403 ct
581 1330 759 1427 obsequio
797 1327 1054 1426 prosequenda
1076 1327 1207 1424 religio
1240 1328 1390 1402 videtur.

217 1448 306 1535 Nec,
331 1450 360 1519 si
381 1446 510 1520 abesse
529 1449 767 1519 reverentiam
803 1470 846 1516 ex
872 1443 944 1516 illis
964 1442 1072 1533 ludis,
1104 1456 1143 1517 ut
1177 1449 1228 1516 ita
1256 1443 1389 1528 dicam,

167 1566 324 1639 scenicis
344 1566 404 1659 qui
429 1566 465 1633 in
485 1561 631 1658 templis
651 1560 853 1633 edebantur
882 1558 1141 1633 confidendum
1170 1572 1236 1648 est,
1275 1561 1395 1656 magis

167 1704 249 1753 earn
278 1683 434 1776 reperias
462 1682 500 1749 in
536 1678 610 1751 illis
640 1706 659 1745 <r
679 1686 898 1750 entremeres
919 1707 937 1747 a
958 1677 1013 1750 vel
1036 1701 1199 1750 amomos
1222 1674 1395 1774 »quibus

168 1794 338 1869 solebant
371 1792 515 1867 nobiles
540 1790 726 1866 delectari.
750 1790 805 1865 llli
840 1801 1098 1866 «entremeses
1115 1822 1145 1881 >›,
1171 1791 1263 1865 nihil
1294 1790 1393 1865 aliud

168 1934 362 1983 commune
392 1912 459 1981 nisi
489 1934 624 1981 nornen
656 1907 833 1981 habentes
873 1934 955 1982 curn
986 1907 1060 1981 illis
1094 1906 1253 2005 parvulis
1273 1906 1394 1980 mimis

169 2050 261 2125 quos
275 2037 421 2122 postera
437 2024 554 2097 latura
573 2038 649 2096 erat
665 2038 768 2112 aetns,
789 2050 809 2096 e
835 2027 1037 2097 mutatione
1056 2028 1209 2097 vestitus
1228 2035 1264 2097 et
1283 2025 1393 2097 simu·

170 2144 278 2215 lacris
315 2154 350 2213 et
384 2139 580 2214 saltatione
613 2138 880 2213 conflabantur.
911 2142 1066 2213 Necnon
1105 2143 1144 2213 in
1178 2165 1394 2213 umomcs»

170 2284 252 2332 curn
274 2261 408 2355 primas
422 2256 600 2330 obtineret
615 2255 778 2343 saltatio,
801 2256 860 2328 hic
881 2282 1028 2353 quoque
1053 2260 1205 2330 vestitus
1225 2261 1394 2330 mutatio·

170 2399 236 2446 nes
252 2372 390 2445 tiebant
409 2386 447 2445 ut
462 2372 628 2446 videmus
646 2371 722 2444 fieri
744 2376 782 2445 in
804 2401 825 2441 «
839 2398 952 2446 memo
963 2402 982 2443 ›>
999 2371 1101 2470 cujus
1119 2388 1245 2447 auctor
1261 2377 1394 2449 Gomez

171 2487 372 2586 Manrz'que
390 2486 456 2562 luit
477 2493 613 2587 quique
629 2492 667 2560 in
683 2488 869 2586 pubiicum
890 2511 982 2562 xvrrr
1002 2514 1036 2561 a.
1059 2490 1145 2563 Kal.
1169 2489 1394 2563 Novembres

168 2630 269 2678 anno
295 2604 610 2679 MCCCCLXVll
638 2604 833 2703 productus
867 2618 934 2696 est,
959 2610 997 2677 in
1031 2632 1105 2703 quo
1125 2606 1271 2680 demum
1292 2610 1394 2702 regia

168 2722 289 2819 puella
326 2721 447 2794 lrabel
475 2721 523 2793 ab
556 2720 734 2795 Helicone
764 2720 993 2795 descendens
1016 2734 1073 2813 flet
1095 2727 1229 2797 vestitu
1248 2722 1392 2796 Musam

168 2837 364 2936 quamdam
399 2835 556 2911 relerens
588 2862 698 2935 puero
719 2840 820 2933 regio
854 2835 1046 2934 Alphonso
1075 2837 1149 2934 jam
1169 2851 1279 2912 antea
1310 2850 1393 2911 octo

168 2957 330 3051 praemiis
349 2979 370 3025 a
390 2958 520 3026 ceteris
540 2952 722 3027 sororibus
754 2952 892 3025 donato
924 2966 959 3026 et
994 2958 1073 3051 ipsa
1092 2980 1230 3028 nonum
1257 2954 1391 3027 donum

139 3160 140 3165 Ἰ
170 3070 287 3143 allert.

220 3187 273 3259 Ex
294 3184 409 3260 tribus
423 3190 534 3283 igitur
547 3184 721 3276 lontibus,
741 3189 770 3259 si
783 3185 865 3261 haec
880 3190 1006 3260 omnia
1022 3186 1195 3284 colligere
1211 3187 1390 3276 volumus

170 3304 350 3399 originem
372 3302 519 3376 duxisse
535 3300 670 3375 labulae
687 3307 768 3376 istae
784 3307 919 3400 priores
939 3302 1169 3394 videbuntur,
1192 3308 1223 3376 si
1245 3304 1393 3402 quidem

170 3444 253 3492 curn
273 3444 293 3491 e
313 3419 420 3493 rebus
434 3418 557 3509 sacris,
582 3431 657 3491 tum
691 3446 710 3492 e
745 3418 841 3491 ludis
868 3419 1003 3516 quibus
1036 3418 1192 3517 agendis
1223 3419 1396 3493 nobilitas

169 3554 233 3630 per
269 3537 345 3606 otia
383 3538 484 3631 pacis
520 3547 661 3631 tempus
694 3533 845 3624 terebat,
874 3550 949 3607 tum
988 3549 1023 3608 et
1050 3536 1210 3609 moribus
1242 3536 1397 3634 plebeiis

170 3647 309 3747 aliquid
326 3647 432 3723 simul
453 3649 652 3722 detraxisse
671 3652 762 3721 satis
782 3661 926 3723 constat
942 3683 949 3740 ;
968 3650 1032 3723 sed
1050 3650 1132 3724 haec
1155 3654 1297 3725 semina
1316 3665 1395 3725 tan·

172 3777 248 3836 tum
264 3779 378 3853 erant,
406 3791 473 3838 nec
500 3768 646 3862 propior
666 3769 805 3852 messis,
826 3765 890 3839 sed
906 3766 1012 3840 valde
1032 3780 1171 3842 remota
1192 3781 1228 3841 et
1254 3766 1398 3865 longin-

170 3906 256 3978 qua.
293 3880 434 3979 Nempe
468 3880 593 3954 labula
626 3908 645 3953 e
683 3881 790 3954 rebus
823 3886 937 3955 sacris
967 3897 1045 3957 orta
1079 3884 1225 3958 easdem
1256 3910 1399 3983 semper

170 3990 352 4090 imagines
373 3994 561 4091 praebebat
592 4020 737 4067 necnon
765 3996 895 4068 habitu
928 3997 1056 4070 eodem
1089 3999 1268 4074 utebatur.
1311 4000 1398 4073 Sive

65 4141 70 4149 ·
171 4106 268 4181 circa
284 4110 444 4182 natalem
472 4110 573 4208 J.·.C
593 4110 688 4183 diem
709 4126 919 4200 versaretur,
944 4113 1067 4213 angeli
1089 4119 1399 4213 compastoribus

171 4238 337 4307 sanctam
353 4222 529 4297 familiam
546 4226 753 4299 invisebant
768 4227 898 4301 eadem
914 4254 1056 4326 semper
1067 4231 1299 4327 praelerentes
1313 4247 1398 4306 vota

172 4340 413 4438 camdemque
450 4346 744 4434 venerationum
785 4343 860 4417 sive
892 4344 937 4417 de
971 4345 1028 4417 lris
1068 4345 1196 4420 diebus
1226 4348 1400 4421 luctuosis

173 4482 258 4553 quae
278 4482 406 4530 necem
437 4456 625 4530 infandam
657 4460 765 4531 Cristi
794 4459 975 4535 anteirent
1013 4478 1188 4559 ageretur,
1232 4465 1401 4538 solennia

173 4585 209 4644 et
230 4572 471 4645 immutabilia
494 4584 530 4646 et
551 4599 634 4647 mox
651 4578 733 4647 trita
754 4601 821 4648 usn
841 4580 1006 4649 carmina
1025 4578 1283 4654 afferebantur.
1304 4582 1400 4675 Quae

172 4688 279 4762 rudia
294 4701 329 4762 et
345 4714 457 4763 manu
473 4694 642 4788 imperita
657 4693 875 4765 adumbrata
895 4693 1040 4768 intuens
1060 4700 1142 4794 quis
1162 4702 1286 4771 animo
1310 4725 1400 4797 prae·
