3475 5609
889 460 1050 524 „63-

360 626 433 726 plet
467 639 501 698 et
539 621 721 722 exquisito
758 621 820 696 ilio
856 639 890 694 et
930 622 1129 695 novissimo
1173 622 1303 695 Calisti
1342 622 1588 721 Melibeaeque

357 767 524 816 sermone
558 738 779 825 illustratur,
813 737 929 811 altera
966 751 1102 828 autem,
1125 764 1238 835 equa
1264 763 1341 811 una
1373 752 1497 812 sextus
1528 740 1588 812 de-

356 861 473 932 cimus
497 868 599 928 actus
641 851 830 942 conflatur,
883 852 971 924 nihii
1013 852 1059 924 ad
1097 852 1407 950 Tragicomoediae
1440 880 1585 928 cursum

357 971 585 1047 incitandum
608 967 713 1054 valet,
749 967 943 1066 plurimum
964 994 1048 1041 vero
1076 970 1122 1042 ad
1140 967 1291 1043 affectus
1316 968 1485 1043 flebiliter
1511 995 1587 1043 mo-

356 1089 506 1163 vendos.
538 1083 708 1160 Pleberr'o
739 1087 836 1156 enim
867 1097 904 1156 et
933 1083 1061 1173 Aliso,
1093 1089 1155 1181 qui
1186 1084 1382 1158 Melibeam
1404 1112 1450 1158 ne
1468 1085 1587 1159 oculis

358 1204 506 1302 quidem
536 1205 599 1276 viri
634 1199 788 1296 alicujus
809 1199 930 1271 laesam
950 1224 1030 1272 esse
1058 1199 1258 1277 confidunt.
1288 1199 1401 1271 filiam
1431 1215 1584 1298 nuptum

359 1319 538 1394 collocare
582 1321 620 1388 in
657 1315 781 1389 animo
812 1313 961 1387 babent.
1004 1318 1132 1413 «jam,
1171 1316 1290 1413 inquit
1328 1332 1438 1412 pater,
1478 1332 1587 1390 aetate

359 1434 544 1508 conficior.
563 1433 697 1505 Nonne
721 1430 805 1503 filiae
835 1429 990 1526 conjuge
1010 1457 1100 1528 opus
1120 1448 1172 1503 est
1197 1434 1258 1530 qui
1282 1456 1362 1503 eam
1383 1437 1484 1504 omni
1498 1458 1587 1507 cura

231 1627 234 1632 ,
358 1551 597 1650 praesidioque
615 1549 785 1621 tueatur?
830 1545 950 1638 Quem
972 1544 1074 1618 illae
1104 1547 1245 1619 cunctis
1279 1545 1586 1646 deligere'potest

358 1694 438 1768 quae
466 1680 502 1738 et
521 1675 711 1738 venustate
726 1677 761 1735 et
776 1661 913 1734 divitiis
932 1677 967 1734 et
981 1667 1179 1759 praesertim
1207 1662 1383 1759 pudicitia
1413 1662 1516 1737 floret
1531 1667 1548 1737 i
1563 1697 1584 1732 »

358 1785 455 1858 Dum
474 1778 641 1855 Pleberio
655 1778 758 1852 Alisa
779 1776 985 1866 assentitur,
1006 1781 1043 1848 in
1063 1778 1271 1851 cubiculum
1292 1804 1397 1852 suum
1416 1778 1585 1852 Melibea

355 1896 555 1998 regreditur
572 1911 608 1968 et
623 1907 811 1992 parentum
832 1918 952 1980 voceS,
971 1895 1088 1965 invisa
1109 1879 1201 1989 ipsa,
1217 1894 1318 1967 audit
1333 1905 1369 1968 et
1392 1894 1579 1992 intelligit.

354 2018 464 2090 Pater
496 2026 615 2086 autem
637 2014 835 2107 interrogat
865 2009 1028 2082 filiamne
1052 2008 1098 2083 de
1129 2013 1361 2083 matrimonio
1382 2010 1580 2085 consulat:

356 2140 503 2229 «Cave,
535 2133 728 2234 respondet
759 2147 885 2223 mater,
918 2160 964 2205 ne
989 2147 1098 2206 castae
1118 2151 1153 2205 et
1186 2133 1327 2230 pudicae
1357 2135 1486 2232 puellae
1514 2151 1584 2210 ter-

354 2279 471 2329 rorem
500 2251 698 2350 injicias».
724 2249 913 2342 Quantam
935 2247 1041 2322 nobis
1062 2249 1347 2322 misericordiam
1372 2251 1524 2324 eliciunt
1545 2269 1582 2324 et

355 2383 523 2471 parentes
533 2391 713 2442 summam
727 2365 810 2437 fiiiae
829 2363 938 2437 fidem
961 2363 1138 2438 habentes
1157 2379 1193 2438 et
1213 2369 1291 2462 ipsa
1306 2365 1381 2440 filia
1397 2365 1581 2440 malefacti

288 2579 291 2586 Ι
356 2483 582 2562 conscientia
601 2481 789 2578 exagitata
812 2493 846 2552 et
863 2479 1039 2552 cruciata!
1063 2481 1151 2553 Haec
1163 2480 1442 2554 domesticarum
1462 2507 1580 2554 rerum

357 2604 467 2704 piena
503 2593 637 2699 quibus
670 2621 851 2693 nusquam
882 2593 979 2691 apud
1015 2597 1206 2669 Romanos
1226 2612 1351 2693 poetas
1375 2596 1477 2671 locus
1503 2624 1581 2695 per·

355 2717 566 2792 mittebatur
595 2739 670 2787 non
699 2714 818 2808 potius
844 2709 1042 2784 Celestz'noe
1061 2736 1198 2784 moram
1219 2727 1254 2785 et
1278 2710 1578 2810 impedimentum

354 2857 464 2935 quam
482 2855 597 2907 novos
614 2840 652 2902 et
664 2825 909 2903 vividissimos
931 2825 1071 2901 colores
1091 2825 1258 2901 afferunt.

401 2949 571 3024 Ceterum
614 2941 913 3040 Tragicomoedia
960 2955 1094 3031 nostra,
1127 2957 1164 3015 et
1198 2967 1280 3016 cum
1296 2968 1359 3040 per
1395 2968 1508 3016 unum
1543 2958 1579 3017 et

350 3068 482 3164 viginti
515 3074 618 3136 actus
643 3057 864 3157 producitur,
885 3056 994 3152 longe
1025 3072 1079 3130 est
1111 3072 1150 3130 ut
1169 3062 1322 3131 stataria
1351 3057 1423 3131 dici
1445 3062 1571 3156 possit.

352 3184 407 3257 Ita
435 3181 532 3252 enim
559 3173 692 3251 Calisti
713 3174 860 3246 ardores
880 3187 916 3244 et
938 3171 1135 3246 Ceiestinae
1159 3172 1312 3246 artificia
1330 3178 1424 3246 inter
1437 3200 1475 3246 se
1494 3174 1577 3271 jun-

352 3311 487 3397 guntur
505 3306 543 3367 ut
563 3288 703 3389 aliquid
732 3293 816 3362 novi
837 3312 979 3383 semper
1010 3292 1244 3385 respicientes
1276 3313 1417 3385 semper
1446 3293 1578 3362 intenti

353 3429 553 3489 teneamur.
589 3404 745 3480 Levibus
771 3407 925 3501 primum
961 3427 1027 3475 nos
1051 3401 1246 3477 affectibus
1276 3403 1419 3500 juvenis
1454 3418 1580 3479 noster

354 3541 474 3604 movet
492 3525 580 3599 dum
601 3521 670 3594 sibi
686 3523 919 3595 astutissimae
932 3517 1024 3591 lenae
1044 3517 1219 3592 auxilium
1242 3534 1347 3618 parat
1361 3533 1397 3593 et
1417 3545 1455 3593 se
1472 3519 1577 3594 Meli-

354 3647 430 3720 beae
449 3641 594 3717 deliciis
623 3637 810 3710 fruiturum
837 3633 1003 3707 confidit.
1029 3634 1121 3727 Quae
1149 3661 1233 3709 vero
1261 3641 1365 3735 quasi
1392 3635 1579 3709 comoedia

354 3764 483 3858 incipit
503 3771 629 3854 postea
649 3752 688 3824 iit
704 3751 885 3848 tragoedia
905 3754 1090 3849 quippein
1105 3776 1178 3848 qua
1190 3743 1377 3824 occidatur
1389 3751 1579 3825 Celestina

353 3876 563 3973 infelicique
583 3869 702 3944 arbori
722 3865 991 3965 suspendantur
1006 3866 1221 3965 Sempronio
1238 3881 1275 3940 et
1289 3869 1482 3941 Parmeno.
1504 3866 1577 3942 Vix

349 3993 485 4069 deinde
504 3988 646 4064 Calisto
666 3983 829 4058 Melibea
854 3981 987 4056 leniter
1018 3985 1150 4074 arrisit,
1179 3993 1216 4056 et
1248 3984 1357 4058 nobis
1377 3987 1516 4056 Areusa
1538 3996 1577 4058 et

348 4237 485 4298 metum
513 4221 631 4294 iacere
650 4241 802 4317 operose
825 4227 1018 4288 conantur.
1042 4213 1165 4308 Quam
1183 4213 1337 4288 diversis
1355 4215 1515 4312 denique
1534 4228 1573 4288 et

348 4338 542 4414 concitatis
567 4333 726 4408 motibus
755 4329 931 4404 afficimur
962 4353 1045 4402 cum
1072 4341 1158 4403 ante
1183 4330 1310 4404 oculos
1329 4330 1403 4404 duo
1422 4330 1575 4427 juvenes

347 4461 502 4554 primum
513 4475 636 4526 amore
654 4447 840 4536 delectati,
854 4470 938 4518 mox
949 4444 1130 4518 horrenda
1140 4459 1253 4519 morte
1265 4434 1425 4520 defuncti
1443 4445 1574 4519 obver-

349 4571 500 4648 santur!
535 4569 599 4643 Sic
618 4564 779 4640 vicissim
803 4560 959 4634 ridenda
969 4575 1006 4634 et
1023 4559 1147 4634 flenda
1168 4560 1326 4659 legimus
1342 4590 1423 4661 quae
1446 4586 1572 4636 veram

349 4692 434 4764 vitae
451 4688 610 4786 speciem
625 4679 798 4780 praebent.
815 4680 949 4752 Nonne
964 4678 1063 4751 enim
1077 4688 1117 4750 ut
1132 4680 1170 4750 in
1186 4677 1376 4752 Celestina
1391 4701 1567 4777 personae,
