3475 5609
683 516 841 585 ψ

22 706 24 771 3
141 694 303 758 evocare,
345 670 446 742 vivos
485 682 615 740 terrere
654 678 802 765 potest;
832 665 1058 763 depravandi
1090 660 1213 739 tamen
1232 677 1366 751 'artem

142 786 259 883 Dipsa
274 782 404 858 didicit
417 782 633 882 ampliorem
643 798 678 856 et
691 781 947 857 efficaciorem.
966 784 1198 878 Quiaautem
1211 782 1366 858 Ovidius

22 934 23 937 ¹
142 899 201 975 his
225 897 449 997 temporibus
477 912 665 995 poetarum
688 900 954 987 Romanorum,
986 912 1140 996 excepto
1186 898 1360 997 Vergilio

22 1064 23 1103 r
140 1018 354 1091 notissimus
385 1026 475 1104 erat,
508 1039 584 1088 non
618 1015 770 1089 Amores
807 1027 949 1089 tantum
977 1014 1093 1115 Rojas
1125 1014 1366 1089 attentissime

22 1112 23 1165 ³
137 1130 229 1231 legit
252 1166 258 1221 ;
299 1146 371 1205 tres
390 1156 537 1232 quoque
558 1131 655 1207 Artis
686 1120 889 1205 Amatoriae
909 1130 1019 1205 libros
1047 1129 1182 1205 evolvit
1215 1157 1362 1206 necnon

22 1318 24 1345 ‚
139 1265 177 1323 et
212 1246 394 1323 Remedia
428 1248 573 1321 Amoris
606 1258 642 1319 et
675 1245 737 1319 illa
768 1246 1019 1321 Medicamina
1043 1246 1149 1322 laciei
1172 1246 1365 1345 quaelalso

137 1363 293 1437 fortasse
313 1362 474 1461 ejusdem
495 1365 682 1461 scriptoris
698 1366 837 1435 nomini
865 1360 1094 1437 addicuntur.
1114 1363 1306 1458 Quasdam
1319 1390 1365 1437 err

22 1486 24 1579 3
138 1480 197 1553 his
216 1478 378 1555 lontibus
398 1478 585 1554 Celestina
607 1478 811 1551 medicinas
838 1478 959 1553 hausit
984 1506 1069 1579 quae
1099 1484 1152 1553 ori
1183 1479 1363 1553 adbibitae

22 1582 24 1661 ἶ
139 1600 295 1671 nitorem
334 1596 504 1670 inducere
537 1610 571 1668 et
604 1599 697 1668 cutis
735 1595 892 1668 colorem
931 1594 1135 1671 exhilarare
1180 1595 1361 1670 dicuntur.

140 1711 252 1807 Quod
289 1715 432 1797 veroin
452 1736 496 1784 ea
530 1734 664 1785 novum
684 1722 721 1784 et
743 1709 905 1785 vividum
933 1725 1084 1809 apparet
1116 1738 1236 1812 neque
1265 1712 1362 1810 apud

22 1832 24 1903 ἓ
138 1831 368 1928 Propertium
385 1852 504 1925 neque
525 1827 620 1924 apud
636 1827 811 1902 Ovidium
832 1826 1088 1924 reperiebatur.
1112 1828 1243 1902 Nullas
1262 1825 1394 1902 eniml

22 1948 23 2025 ξ
137 1943 421 2042 corrumpendas
443 1941 622 2017 Acanthis
641 1957 677 2016 et
697 1944 813 2040 Dipsa
832 1956 976 2017 tentant
997 1948 1066 2017 nisi
1082 1943 1286 2019 meretrices
1299 1957 1361 2018 aut

136 2060 210 2159 jam
236 2059 374 2134 illicitis
393 2058 579 2133 amoribus
599 2058 746 2133 vitiatas
771 2057 951 2149 mulieres,
976 2059 1110 2133 nedum
1131 2061 1176 2133 ad
1202 2058 1362 2134 nobilem

22 2226 24 2255 r
137 2188 174 2250 et
201 2198 327 2274 puram
348 2174 507 2273 puellam
528 2174 797 2272 depravandam
819 2173 961 2271 aliquid
980 2173 1140 2250 valeant.
1165 2176 1246 2249 Hoc
1270 2188 1362 2249 cete·

22 2300 23 2307 ’
136 2294 269 2389 roquin
290 2304 326 2365 et
340 2294 565 2388 praecipuum
586 2290 679 2363 inter
692 2314 754 2363 eas
773 2303 810 2363 et
829 2288 1055 2364 Celestinam
1083 2295 1232 2365 interest
1262 2293 1360 2390 quod

141 2406 218 2481 illae
233 2410 352 2503 turpia
370 2405 506 2480 veluta
528 2417 656 2479 natura
682 2409 883 2479 constituta
910 2410 1073 2503 ingenuo
1092 2411 1217 2481 animo
1232 2432 1361 2506 propo·

137 2663 257 2715 mores
275 2649 310 2711 et
329 2636 439 2711 fidem
456 2664 532 2711 non
551 2638 629 2712 sine
645 2637 880 2712 simulatione
895 2642 1035 2730 miscet,
1058 2638 1115 2712 vel
1138 2640 1362 2713 nitidissima

137 2753 219 2829 luce
237 2765 381 2828 exstare
400 2766 512 2851 atque
530 2757 692 2828 eminere
711 2753 864 2829 videtur.
1369 2753 1391 2801 ‘¹

102 2894 103 2897 ’
189 2869 335 2964 Quibus
355 2874 459 2968 quasi
491 2874 529 2941 in
556 2870 759 2945 seminibus
779 2896 901 2945 earum
929 2895 1045 2945 rerum
1065 2874 1120 2944 vis
1140 2874 1257 2943 inerat
1276 2892 1361 2968 quae

133 3012 180 3060 ex
197 2986 254 3059 his
271 2990 474 3084 progenitae
494 2985 587 3060 adeo
607 2987 703 3084 apud
724 2987 956 3061 Femandum
979 3006 1142 3060 nostrum
1162 2985 1360 3061 floruerunt

22 3098 24 3177 l
134 3116 171 3177 et
192 3104 415 3202 viguerunt?
435 3102 529 3176 Cum
545 3116 665 3175 autem
692 3102 783 3175 nihil
804 3106 850 3175 sit
872 3107 910 3174 in
930 3128 1004 3200 quo
1023 3127 1145 3199 operae
1165 3102 1359 3198 plurimum

22 3210 24 3307 ζ
134 3231 292 3317 ponatur
309 3242 420 3318 quam
437 3221 475 3291 in
494 3216 656 3292 Melibea
672 3218 778 3291 malis
803 3218 944 3292 artibus
963 3231 999 3291 et
1026 3217 1173 3292 callidis
1193 3217 1360 3292 consiliis

22 3316 24 3393 l
137 3333 371 3423 involvenda,
397 3337 549 3430 primam
572 3333 699 3408 barum
719 3334 971 3408 machinarum
994 3337 1151 3431 speciem
1180 3336 1218 3406 in
1244 3331 1360 3406 latina

22 3448 24 3549 s
136 3464 173 3523 et
195 3453 234 3523 in
261 3447 457 3535 millesimo
476 3448 729 3523 ducentesimo
750 3450 889 3523 saeculo
908 3454 1043 3547 scripta
1058 3449 1242 3524 comoedia
1262 3449 1361 3523 vides
1386 3488 1389 3493 ·

137 3591 223 3665 quae
235 3585 335 3639 nunc
348 3594 366 3631 «
379 3563 785 3662 Pamphr'lusdeamore
798 3592 879 3638 cum.
895 3569 1101 3641 commento
1112 3564 1312 3661 familiari
1324 3594 1356 3655 »‚

22 3702 23 3751 7
138 3706 237 3755 nunc
257 3692 293 3754 et
313 3679 471 3777 aptius«
494 3682 552 3754 De
584 3682 711 3753 Vetula
735 3712 752 3749 s>
784 3680 1004 3755 inscribitur.
1035 3684 1177 3755 Primas
1195 3684 1295 3754 enim
1322 3679 1360 3754 in

22 3814 23 3893 f
136 3822 181 3870 ea
200 3806 321 3894 partes
336 3794 457 3869 vetula
477 3796 552 3893 agit
573 3795 674 3894 cujus
699 3796 837 3870 auxilio
864 3799 992 3871 Venus
1016 3801 1095 3894 ipsa
1125 3794 1361 3895 Pamphilum

22 3900 23 3919 ¹
138 3910 188 3985 uti
206 3910 308 4009 jubet
323 3924 361 3984 ut
377 3910 620 4009 pulcherrima
635 3926 670 3985 et
681 3912 863 3985 ditissima
878 3910 1035 3986 Galatea
1054 3927 1091 3985 et
1111 3910 1361 4009 aparentibus

22 4120 23 4125 ἵ
137 4032 174 4100 in
200 4030 396 4100 intentiore
424 4052 510 4099 cura
537 4040 722 4101 asservata
750 4028 872 4125 juveni
907 4032 946 4100 in
976 4052 1098 4103 amore
1126 4026 1360 4125 respondeat.

22 4126 24 4187 l
137 4144 308 4219 Praemiis
324 4146 478 4241 primum
500 4144 584 4216 lena
605 4142 928 4241 tanto‘majoribus
944 4144 1100 4218 donatur
1125 4157 1265 4243 quanto
1280 4142 1361 4241 plus

135 4260 205 4333 sibi
239 4258 482 4333 laborandum
508 4259 685 4356 praedicat
717 4258 850 4358 quippe
884 4264 942 4333 cui
974 4260 1145 4333 simulata
1173 4259 1362 4357 sponsalia

137 4374 399 4473 impedimento
416 4374 513 4463 sinr;
547 4374 668 4472 juveni
686 4388 808 4447 tamen
840 4402 886 4446 ne
914 4400 1015 4472 spem
1031 4374 1138 4450 simul
1159 4392 1194 4448 et
1216 4375 1361 4473 largita·
1486 4431 1491 4437 -

137 4505 209 4564 tem
243 4494 385 4588 eripiat,
418 4491 590 4564 dilectam
611 4490 923 4563 adolescentulam
951 4491 1056 4565 deco
1085 4517 1227 4589 semper
1260 4496 1359 4591 loqui

22 4624 24 4709 ὲ
138 4604 306 4681 affirmat.
326 4608 401 4680 Nec
418 4612 538 4681 minus
559 4606 754 4704 prudenter
773 4632 854 4680 cum
869 4608 1025 4681 Galatea
1037 4634 1110 4682 rem
1129 4608 1251 4681 vetula
1266 4612 1361 4705 gerit

22 4712 23 4723 ³
140 4749 249 4820 quam
261 4722 393 4822 puella,
407 4740 597 4823 postquam
614 4748 694 4796 eam
708 4723 917 4797 iracundius
930 4729 1077 4824 respuit,
1092 4729 1197 4825 quasi
1211 4740 1360 4800 matrem
1419 4801 1424 4811 ,
