3475 5609
895 607 1057 673 ..24-

365 783 493 831 mensa
529 759 627 853 prius
653 754 827 828 recedunt
856 780 968 854 quarn
997 758 1084 829 vino
1106 769 1141 828 et
1174 754 1258 828 cibo
1276 766 1494 851 graventur:
1528 780 1600 827 nec

365 870 811 979 tamenBenez'toejusque
823 871 969 945 sodales
980 870 1599 971 abeuntquinpriusmovendorum

366 989 628 1063 cachinnorum
653 991 773 1085 gratia
805 987 964 1060 dixerint
1002 993 1053 1062 ita
1085 988 1234 1087 pulchre
1265 1001 1410 1085 paratos
1431 1013 1511 1060 esse
1550 986 1599 1059 ad
1683 1024 1687 1029 ·

367 1104 511 1179 facilius
555 1104 782 1177 tolerandum
833 1102 977 1200 legibus
1025 1104 1202 1178 Ecclesiae
1266 1108 1475 1201 impositum
1523 1102 1596 1177 sibi

368 1222 558 1321 jejunium.

419 1337 588 1410 Ceterum
630 1335 714 1409 duae
756 1334 907 1431 Eclogae
945 1361 1030 1433 quae
1063 1333 1359 1409 «Cancionero»
1407 1334 1459 1407 illi
1499 1344 1600 1407 anno

370 1452 669 1527 MCCCCXCVI
699 1454 795 1549 typis
822 1450 998 1524 mandato
1027 1450 1137 1524 finem
1174 1456 1368 1549 imponunt
1402 1450 1547 1548 longius
1579 1477 1601 1522 a

372 1566 505 1642 labulis
531 1592 660 1665 quaee
694 1566 794 1639 lonte
829 1592 933 1640 sacro
961 1565 1125 1640 fluebant
1162 1566 1355 1654 decedunt,
1397 1570 1508 1641 altera
1542 1566 1602 1639 die

374 1683 488 1758 natali
518 1685 550 1782 J.
578 1683 621 1756 C.
646 1708 745 1755 anno
769 1681 1078 1771 MCCCCXCIV,
1101 1682 1216 1756 altera
1233 1684 1471 1781 subsequenti
1487 1708 1596 1769 anno¹

374 1800 503 1875 eodem
534 1800 624 1873 lesto
644 1797 716 1886 die,
746 1812 828 1871 acta
851 1800 916 1895 (ι).
943 1800 1047 1871 Prior
1063 1798 1169 1873 valde
1201 1805 1333 1893 noqtris
1358 1796 1603 1897 pastoralibus

375 1914 509 1991 fabulis
531 1913 662 1988 similis
682 1927 735 1987 est
760 1928 797 1987 et
817 1918 1001 2012 praecipue
1019 1918 1210 1990 notissimo
1244 1917 1296 1990 illi
1320 1920 1412 1991 «De
1431 1914 1546 1989 Robz'n
1565 1923 1600 1987 et

376 2030 528 2107 Marion
550 2029 680 2127 »joco
703 2029 819 2105 Nobis
842 2029 940 2102 enim
960 2031 1113 2105 occurrit
1134 2047 1254 2129 pastor
1273 2032 1421 2131 quidam
1455 2036 1604 2105 nomine

376 2146 511 2247 Mingo
532 2146 606 2243 qui,
643 2145 819 2220 derelicta
838 2171 961 2237 uxore,
996 2146 1214 2221 Pascualam
1240 2149 1407 2246 precibus
1438 2147 1603 2221 obsecrat

379 2277 474 2337 utet
501 2260 579 2359 ipsa
594 2266 690 2336 curis
715 2262 935 2359 respondeat
962 2276 998 2335 et
1026 2266 1064 2334 in
1093 2276 1232 2361 partem
1259 2268 1393 2337 amoris
1426 2289 1499 2361 quo
1527 2268 1604 2361 ipse

379 2384 492 2455 uritur
510 2383 647 2453 veniat.
679 2380 773 2453 Ecce
799 2381 967 2477 Armiger
999 2379 1147 2454 advenit
1182 2381 1269 2454 nihil
1300 2382 1400 2455 aliud
1422 2380 1604 2454 meditans

379 2499 449 2570 nisi
470 2508 509 2569 ut
528 2519 651 2569 secum
685 2495 844 2593 puellam
867 2495 1039 2570 abducat.
1071 2498 1180 2570 Hunc
1199 2511 1235 2570 et
1260 2495 1427 2570 fallacem
1449 2497 1604 2593 ideoque

326 2702 327 2705 Ἴ
379 2609 593 2710 fugiendum
609 2610 744 2708 pueliae
768 2610 902 2713 Mz'ngo
921 2612 1125 2701 denuntiat,
1149 2627 1184 2686 et
1214 2639 1457 2711 quaecumque
1485 2618 1533 2686 sit
1552 2611 1603 2683 illi

379 2729 528 2802 daturus
550 2728 735 2800 censendo
760 2732 978 2825 exsequitur,
997 2729 1136 2801 scilicet
1156 2740 1191 2801 et
1210 2728 1381 2803 flosculos
1395 2745 1430 2802 et
1444 2754 1552 2827 poma
1570 2742 1606 2800 et

380 2869 466 2918 aves
484 2858 521 2916 et
545 2842 714 2941 quaedam
737 2842 812 2915 alia
832 2878 839 2935 3
862 2844 1112 2943 nequidquam
1131 2879 1138 2935 ;
1180 2845 1313 2941 puellae
1334 2850 1436 2919 enim
1452 2847 1608 2941 armiger

381 2958 498 3058 potior
518 2957 660 3031 videtur
697 2961 759 3056 qui
792 2959 1010 3055 pastoralem
1044 2964 1156 3032 vitam
1192 2986 1300 3058 agere
1334 2961 1506 3033 instituit.
1529 2960 1604 3033 Etsi

382 3075 464 3149 haec
492 3073 628 3171 Ecloga
657 3100 732 3147 non
765 3078 854 3147 satis
881 3074 996 3173 digna
1029 3075 1169 3150 videtur
1198 3104 1283 3175 quae
1305 3103 1387 3150 cum
1419 3078 1605 3151 Theocriti

384 3189 531 3287 Eclogis
576 3189 790 3277 conletatur,
828 3218 902 3263 non
941 3204 1064 3265 tamen
1106 3218 1233 3291 sapore
1278 3197 1412 3267 rustico
1439 3206 1537 3265 caret
1572 3204 1609 3262 ct

383 3304 563 3379 nonnulla
584 3305 695 3379 habet
716 3333 801 3405 quae
823 3320 990 3379 naturam
1010 3323 1046 3380 et
1070 3308 1256 3381 veritatem
1277 3335 1350 3381 non
1367 3310 1460 3381 clam
1482 3308 1607 3380 reterre

383 3436 419 3495 at
439 3420 568 3495 saltem
588 3426 768 3519 attingere
792 3427 928 3521 saepius
948 3423 1151 3497 videantur.
1184 3423 1335 3498 Eaedem
1359 3426 1418 3498 hae
1440 3449 1606 3522 personae

384 3542 421 3611 in
459 3541 627 3635 sequenti
668 3536 807 3635 Ecloga
851 3565 935 3637 quaa
977 3552 1115 3613 ceteras
1154 3544 1233 3611 sine
1278 3540 1389 3613 dnbio
1423 3538 1608 3612 antecellit

383 3656 608 3751 reperiuntur
632 3688 639 3725 :
662 3658 701 3725 in
731 3653 845 3751 priore
866 3668 966 3753 parte
986 3655 1056 3741 vel,
1074 3660 1104 3727 si
1126 3655 1234 3729 liceat
1259 3656 1391 3744 dicere,
1426 3660 1463 3727 in
1492 3660 1607 3752 priore

383 3783 468 3842 actu
496 3772 654 3841 amicum
683 3769 818 3871 Mr'ngo
852 3775 891 3843 in
918 3770 1019 3844 aedes
1042 3770 1187 3845 ducisa
1220 3772 1353 3869 quibus
1389 3770 1607 3845 verecundia

383 3884 543 3983 quadam
578 3889 749 3958 avertitur
769 3886 841 3964 Gt'l
857 3891 912 3985 (2)
935 3890 1069 3961 intrare
1099 3891 1197 3985 cogit
1225 3903 1264 3961 ut
1284 3890 1444 3960 dominis
1459 3890 1608 3959 exuvias

278 4020 279 4023 ’
385 4004 532 4099 pecoris
565 4000 672 4072 idest
692 4000 917 4089 libellumio
935 4029 1008 4099 quo
1026 4004 1207 4101 Jobannis
1236 4006 1299 4076 dcl
1313 4004 1459 4076 Enrz'mz
1489 4027 1608 4075 versus

385 4120 627 4205 continentur,
666 4116 805 4191 offerat.
838 4121 932 4194 Tum
962 4120 1146 4192 Pascuala
1165 4138 1202 4192 et
1239 4120 1371 4220 Mz'rrg‘o
1404 4119 1537 4191 adsunt
1575 4136 1608 4190 et

415 4370 453 4427 (ι)
469 4365 622 4428 Quanquam
638 4380 706 4415 anno
722 4364 1041 4416 MCCCCLXXXXVIH
1069 4368 1187 4434 Ecgloga
1211 4369 1321 4417 «delas
1350 4372 1464 4429 grandes
1491 4369 1607 4417 Μανίας»

384 4446 453 4493 dieto
465 4453 523 4493 acto
531 4454 577 4503 est,
588 4462 618 4493 ea
630 4454 669 4495 est
681 4456 768 4494 tamen
785 4464 842 4511 quae
855 4448 928 4512 quasi
941 4448 1028 4496 media
1041 4448 1222 4513 interquatuor
1232 4449 1328 4512 priores
1345 4459 1369 4496 et
1380 4449 1443 4496 duas
1457 4448 1610 4513 posteriores

383 4524 500 4588 ejusdem
518 4524 773 4587 CancioneroquoS)
790 4526 889 4575 fabulas
912 4528 980 4575 haud
994 4526 1124 4575 immerito
1152 4528 1280 4576 habeatur.
1306 4528 1437 4593 Angelum
1455 4527 1523 4575 enim
1540 4528 1564 4575 in
1579 4543 1609 4574 ea

383 4604 528 4653 invenimus
543 4604 594 4669 qui,
608 4620 738 4655 sacrorum
755 4615 933 4672 poematorum
950 4624 1028 4663 more,
1056 4616 1143 4656 natum
1160 4624 1217 4656 esse
1234 4607 1396 4656 Salvatorem
1408 4608 1530 4673 praedicat
1544 4627 1550 4668 ;
1564 4607 1609 4656 sed

385 4685 535 4750 plerumque
549 4685 655 4749 prolana
672 4685 805 4757 loquentes
816 4695 840 4736 et
856 4688 929 4738 rudia
939 4700 1055 4753 pastores
1071 4688 1196 4737 audimus,

415 4768 454 4829 (2)
475 4764 525 4828 Qui
549 4766 608 4814 enin
630 4765 657 4815 in
685 4767 768 4831 priore
799 4766 898 4835 Ecloga
920 4768 1033 4833 armiger
1058 4776 1157 4817 tantum
1185 4768 1324 4821 vocabatur
1350 4769 1375 4819 in
1405 4770 1545 4835 posteriore
1571 4768 1607 4821 sic

384 4843 536 4911 appellatur.
