3475 5609
667 581 848 647 ,107-

146 754 264 826 usque
279 728 325 800 ad
343 741 503 802 nostram
521 756 539 795 «
558 727 720 800 Lazarum
738 757 756 796 r>
774 729 838 824 (1),
870 751 1012 823 semper
1034 725 1126 798 lalso
1154 722 1375 798 insimulatae

147 847 299 917 crimine
321 845 567 942 Hispanorum
585 855 618 916 et
631 843 817 916 Gallorum
833 842 1118 915 misericordiam
1134 843 1244 913 variis
1257 844 1374 912 nomi-

146 958 257 1031 nibus
280 959 594 1033 commovebuntl
622 960 706 1031 Non
736 959 841 1031 aliter
860 959 1021 1056 denique
1050 958 1095 1029 de
1121 955 1313 1029 notissima
1341 970 1376 1029 et

149 1105 167 1142 (ς
185 1075 254 1146 Los
269 1076 305 1146 E
307 1076 494 1173 regauados
515 1105 533 1144 s>
555 1075 657 1146 dicta
676 1076 860 1147 comcedia
875 1071 1158 1146 existimandum
1175 1086 1230 1144 est
1245 1097 1370 1169 quam,

20 1281 22 1308 ὓ
51 1231 59 1245 ι
147 1216 194 1263 ne
214 1189 334 1287 plures
349 1189 509 1274 releram,
532 1191 627 1288 apud
645 1191 857 1264 Montalvan
874 1194 1002 1262 iterum
1018 1212 1225 1285 expressam
1241 1211 1374 1285 agnos·

145 1330 228 1378 cere
247 1319 362 1403 potes.
389 1309 439 1402 ta)

197 1421 282 1495 Non
299 1425 350 1492 ita
369 1434 492 1494 tamen
518 1420 661 1494 ltalicos
672 1425 864 1519 scriptores
883 1423 974 1520 Lupe
987 1424 1029 1494 de
1043 1423 1169 1494 Rueda
1185 1423 1223 1491 in
1238 1443 1374 1492 comoe·

146 1537 217 1609 diis
237 1540 313 1610 suis
329 1541 493 1624 imitatus
512 1552 565 1610 est
580 1553 618 1610 ut
634 1537 726 1608 fictis
746 1563 869 1611 eorum
888 1537 1018 1610 fabulis
1029 1542 1137 1610 unice
1153 1535 1371 1608 incubuerit.

147 1653 242 1746 Quae
263 1665 392 1726 contra
410 1667 446 1726 et
466 1666 552 1726 tunc
580 1667 683 1726 erant
703 1666 737 1726 et
758 1653 867 1726 hodie
888 1666 972 1726 sunt
993 1657 1111 1751 magis
1130 1650 1253 1724 vivida
1272 1663 1307 1723 et
1327 1650 1374 1722 ad

145 1773 348 1867 spectantis
363 1768 644 1842 delectationem
666 1783 765 1866 apta,
780 1795 824 1841 ea
838 1769 1019 1841 Femandi
1035 1771 1078 1841 de
1093 1768 1207 1868 Rojos
1226 1766 1372 1839 modum

144 1899 179 1959 et
197 1900 311 1959 artem
336 1903 528 1958 renovant.
557 1886 761 1984 Nusquam,
791 1886 918 1971 lateor,
945 1910 1168 1983 quamquam
1201 1883 1300 1956 Lelia
1316 1862 1399 1977 (3)⁸

146 2004 310 2074 amantis
330 2000 504 2073 oblivium
528 2025 602 2074 non
622 2007 701 2074 sine
716 2001 965 2076 misericordia
983 2001 1202 2098 deploratur,
1217 2011 1252 2072 et
1268 1997 1372 2070 Eule-

145 2120 223 2190 mia
251 2116 381 2190 falsum
403 2116 472 2190 sibi
495 2121 710 2214 imputatum
738 2119 875 2193 crimen
905 2143 1047 2192 summa
1077 2121 1112 2190 vi
1139 2115 1272 2189 obterit
1298 2115 1368 2210 (4),

145 2236 289 2330 tragico
322 2231 456 2306 affeetu
484 2232 547 2307 diu
579 2238 724 2307 animus
758 2249 840 2309 tuus
874 2233 1129 2326 concitabitur.
1154 2234 1258 2327 Quos
1283 2254 1369 2309 ¹rero

145 2347 351 2421 cachinnos
380 2361 415 2421 et
441 2375 551 2447 quam
579 2376 650 2422 non
673 2351 788 2424 solum
815 2351 1043 2423 mimicorum
1063 2347 1127 2422 sed
1146 2351 1368 2421 comicorum

146 2462 347 2562 aliquando
367 2464 532 2538 ludorum
553 2470 714 2564 proprios
744 2466 815 2562 ribi,
840 2466 964 2539 famuli
993 2466 1153 2552 elicient,
1176 2467 1253 2537 sive
1277 2463 1368 2535 Mel·

144 2579 228 2651 chor
262 2578 335 2652 illis
368 2579 531 2653 ridiculis
568 2581 709 2655 lacetiis
744 2583 854 2656 utitur
891 2583 1025 2681 quibus
1062 2581 1108 2653 ad
1143 2579 1365 2654 Claudinam

145 2694 421 2795 depingendam
442 2696 627 2770 Celestina
655 2698 726 2796 jam
757 2725 822 2772 usa
850 2714 904 2771 est
931 2701 995 2794 (5),
1020 2698 1096 2770 sive
1126 2693 1306 2772 Guiomar
1331 2707 1368 2766 et

141 2809 299 2911 Julz'eta
319 2810 629 2886 maledictisinter
648 2839 686 2886 se
706 2827 846 2887 certant
868 2818 934 2911 (6).
954 2817 1038 2887 Duo
1057 2827 1142 2886 sunt
1161 2811 1258 2908 apud
1277 2813 1369 2908 Lope

141 2926 186 2998 de
214 2929 341 2999 Rrreda
370 2927 609 3002 ministrorum
631 2955 766 3027 genera
786 2956 866 3026 quae
900 2928 1185 3002 nuncdiscreta.
1211 2929 1368 2999 nuncin

141 3067 257 3117 unum
278 3042 412 3116 collata
431 3043 623 3140 plurimum
646 3049 683 3115 in
706 3074 724 3112 «
740 3070 855 3118 aureae
869 3076 887 3114 »
909 3046 1025 3119 aetatis
1044 3043 1226 3118 comoedia
1247 3045 1368 3139 vigue-

143 3170 239 3230 runt.
264 3157 357 3231 Cum
377 3163 475 3230 enim
498 3159 549 3231 illi
568 3163 640 3257 qui,
661 3164 755 3233 sicut
776 3162 971 3260 Gargullo,
1002 3190 1019 3229 «
1040 3162 1182 3259 lacayos
1203 3190 1221 3228 »
1252 3161 1367 3230 nomi-

84 3285 86 3290 ’
143 3285 278 3346 nantur
310 3278 543 3372 antiquorum
576 3301 757 3349 servorum
783 3276 887 3349 dolos
918 3290 954 3350 et
984 3276 1176 3348 machinas
1205 3273 1367 3372 suijuris
1436 3294 1438 3298 ‘

141 3389 292 3479 iaciant,
307 3389 343 3460 hi
356 3402 485 3463 contra
505 3395 566 3488 qui
579 3392 625 3463 ab
640 3391 702 3466 illo
724 3423 742 3460 «
761 3391 896 3490 simple
914 3429 927 3462 ι)
943 3395 1082 3492 Ortega
1096 3391 1372 3489 proficiscuntur

141 3503 388 3602 peculiaribus
409 3521 444 3578 et
463 3532 544 3579 vere
566 3507 864 3604 hispaniensibus
895 3509 1124 3581 illustrantur
1143 3507 1308 3581 stultitiis
1335 3519 1371 3580 et

143 3623 304 3718 ineptiis,
325 3622 408 3694 Una
431 3621 589 3720 denique
606 3637 661 3696 est
677 3651 744 3697 nec
758 3626 878 3698 minus
900 3624 1021 3722 lepida
1037 3647 1192 3721 persona
1206 3649 1286 3719 quae
1303 3648 1370 3695 nec

143 3747 254 3808 antea
270 3762 440 3834 expressa
456 3763 534 3810 esse
555 3739 698 3813 videtur
715 3757 750 3812 et
770 3757 896 3838 postea
908 3765 984 3812 non
1001 3739 1095 3836 apud
1117 3740 1207 3837 [ope
1216 3741 1260 3810 de
1274 3740 1370 3838 Vaga

141 3852 205 3924 sed
236 3851 332 3948 apud
362 3853 564 3927 Francz'sco
592 3857 635 3928 de
660 3855 776 3952 Rojas
802 3861 853 3929 ita
882 3856 928 3930 ad
962 3869 1084 3928 votum
1119 3857 1294 3950 processit
1332 3864 1388 3925 ut·

147 3967 270 4040 multis
295 3969 487 4042 comoediis
513 3996 646 4043 nomen
670 4001 688 4039 «
717 3973 759 4043 de
779 3974 939 4071 figuron
962 3972 1212 4066 »imposuerit
1235 4005 1242 4041 ι
1266 3968 1369 4042 illum

144 4081 227 4156 dico
266 4099 340 4155 'non
378 4096 451 4156 tam
497 4086 690 4159 ridiculum
725 4113 834 4185 quam
874 4087 1070 4160 deformem
1110 4085 1368 4158 calceolarium

140 4197 262 4298 Dr'ego
275 4201 318 4271 de
338 4202 501 4274 Cordovo
522 4207 593 4300 qui,
621 4217 658 4274 ut
679 4204 904 4277 Armelinam
922 4202 1094 4277 mollibus
1119 4215 1155 4274 et
1176 4203 1369 4299 exquisitis

172 4417 209 4480 (1)
221 4417 255 4467 Cf
267 4421 384 4471 Rotrou:
399 4423 506 4470 «Lam
517 4427 664 4484 persecutbe
677 4442 700 4475 a.

171 4498 208 4561 (2)
224 4497 257 4547 Cl
270 4513 285 4548 ‹
299 4501 334 4548 La
350 4503 470 4549 Donaella
483 4503 630 4553 delabor».

172 4578 210 4639 (3)
226 4576 259 4626 Cf
269 4593 283 4628 a
296 4579 342 4628 Los
351 4581 509 4641 Engar‘iodos
520 4598 541 4631 a.

170 4659 208 4720 (4)
224 4655 257 4706 Cf
271 4661 416 4722 «Fusemia
428 4679 451 4712 rr.

171 4738 208 4799 (5)
224 4736 258 4788 Cf
271 4754 285 4789 a
297 4741 420 4802 Eufemia
429 4757 451 4791 a.

171 4816 209 4880 (6)
221 4817 254 4867 Cf
265 4833 279 4868 c
291 4821 337 4870 [σε
350 4822 508 4884 Errgaitodos
520 4838 543 4873 a.
