3475 5609
824 636 982 701 ..26-

300 793 389 871 nisis
402 797 488 872 velit
506 820 630 873 secum
650 798 812 900 quotidie
824 824 1135 897 pugnare‚secum
1147 826 1290 899 semper
1300 802 1522 877 discordare.

303 911 397 1007 Quis
429 918 528 987 enim
562 927 688 989 contra
719 939 838 989 meam
872 921 1074 1013 potentiam
1109 916 1311 991 libertatem
1349 944 1453 994 suam
1490 936 1527 1013 et

301 1028 526 1105 voluntatem
557 1034 644 1105 tueri
670 1031 799 1119 valeat,
832 1031 1131 1131 quandoquidem
1158 1033 1307 1108 arbitrio
1328 1060 1408 1109 meo
1440 1034 1525 1108 licet

305 1171 371 1221 seu
410 1146 554 1236 laedere,
588 1172 652 1221 seu
683 1148 860 1237 occidere,
894 1174 959 1223 seu
988 1152 1026 1221 in
1057 1148 1203 1223 vincula
1238 1148 1418 1249 injicere»
1456 1152 1522 1248 (r).

304 1263 472 1361 Armiger
491 1262 572 1337 haec
590 1263 691 1337 dicta
711 1265 856 1339 Amoris
871 1265 1084 1363 comprobat
1104 1264 1206 1364 cujus
1225 1292 1270 1340 ea
1294 1281 1350 1341 est
1364 1279 1525 1364 potestas

303 1404 388 1477 quae
410 1378 542 1453 millies
571 1406 638 1455 nos
674 1384 762 1453 mori
797 1395 905 1479 cogat
939 1407 1008 1455 nec
1047 1379 1131 1455 ideo
1158 1385 1247 1455 mori
1280 1387 1389 1457 sinat.
1431 1383 1525 1458 Haec

299 1498 484 1570 ornatiora
516 1493 667 1570 forsitan
705 1496 935 1590 videbuntur,
970 1498 1035 1573 sed
1065 1497 1290 1595 simpliciora
1321 1513 1406 1573 sunt
1437 1524 1524 1598 quae

298 1623 461 1711 pastores
473 1610 586 1685 edunt
602 1646 608 1685 :
627 1616 752 1686 omnia
770 1637 854 1688 vero
874 1613 957 1687 haec
969 1639 1043 1687 non
1064 1617 1144 1686 sine
1160 1613 1281 1711 lepore
1302 1612 1359 1688 vel
1376 1613 1525 1689 solertia

300 1726 338 1800 in
355 1726 425 1801 hoc
445 1726 594 1826 dialogo
611 1709 872 1802 immisceatur.
896 1730 981 1803 Non
1005 1742 1129 1802 tamen
1150 1728 1221 1802 hoc
1235 1728 1420 1803 scenicum
1434 1754 1525 1827 opus

306 1842 565 1941 appellandum
587 1848 709 1943 potius
728 1870 840 1944 quam
860 1845 1009 1944 lyricum
1027 1877 1034 1935 ;
1057 1843 1228 1920 laudibus
1257 1850 1356 1920 enim
1382 1846 1528 1921 effertur

302 1960 427 2053 Amor,
451 1988 517 2037 nec
531 1975 653 2035 tamen
674 1967 810 2061 primas
822 1978 942 2061 partes
961 1966 1039 2059 agit
1057 1995 1065 2053 ς
1097 1988 1265 2061 personae
1288 1976 1410 2038 autem
1432 1962 1523 2036 nihil

300 2078 438 2154 habent
457 2084 496 2153 in
511 2104 549 2153 se
569 2078 667 2179 quod
687 2079 868 2179 proprium
883 2094 919 2153 et
934 2078 1116 2178 peculiare
1144 2080 1264 2153 dicere
1279 2083 1410 2176 possis.
1431 2079 1526 2153 Haec

300 2208 385 2269 sunt
397 2222 482 2294 quae
497 2195 661 2270 notanda
674 2200 711 2269 in
725 2195 788 2270 illo
801 2226 819 2265 «
833 2200 867 2272 C
865 2195 1057 2269 ancionero
1071 2224 1089 2267 2
1107 2220 1207 2269 anno
1225 2193 1524 2270 MCCCCXCVl

304 2310 404 2385 edito
434 2316 616 2411 praecipue
642 2311 848 2386 videantur.

351 2428 687 2503 Commemoremus
725 2432 834 2526 igitur
872 2426 1025 2502 breviter
1054 2453 1138 2526 quae
1169 2427 1334 2526 legentes
1361 2429 1520 2502 vicissim

302 2543 558 2620 invenerimus.
577 2546 740 2619 Primum
750 2543 959 2643 johannem
974 2555 1135 2617 nostrum
1152 2542 1310 2617 vidimus
1326 2568 1382 2617 res
1401 2568 1525 2617 sacras

301 2662 487 2735 esinceris
501 2659 663 2735 fontibus
682 2659 959 2734 exhaurientem
987 2672 1024 2733 et
1051 2659 1265 2757 simpliciter
1292 2656 1518 2732 referentem.

298 2778 340 2851 ln
360 2774 417 2849 lris
429 2788 556 2851 contra
572 2767 720 2875 Eclogis
739 2802 836 2876 quae,
852 2791 994 2873 arrepta
1008 2772 1295 2849 Bacchanalium
1311 2776 1527 2863 occasione,⁴

296 2895 513 2990 compositae
532 2907 628 2983 sunt,
662 2891 750 2966 illud
779 2894 958 2966 sermonis
984 2894 1108 2965 rustici
1142 2903 1178 2965 et
1206 2890 1361 2965 humilia
1389 2903 1425 2963 et
1452 2916 1520 2989 usu

297 3013 380 3083 trita
398 3035 464 3083 nec
488 3034 563 3082 non
579 3007 658 3082 sine
671 3034 799 3107 sapore
818 3008 1006 3083 referentis
1025 3006 1199 3094 studium,
1224 3005 1323 3105 quod
1345 3006 1524 3103 Hispanis

300 3128 468 3200 innatum
484 3129 708 3223 insitumque
726 3123 878 3215 videtur,
898 3149 977 3198 sese
990 3123 1139 3198 liberius
1153 3121 1322 3197 effundit.
1338 3120 1522 3196 Paulatim

297 3266 320 3313 a
339 3238 473 3315 fabulis
492 3240 604 3314 sacris
619 3240 755 3315 recedit
775 3239 946 3338 dialogus
964 3252 1000 3312 et
1028 3239 1075 3313 ad
1095 3264 1152 3312 res
1171 3238 1352 3312 humanas
1384 3236 1522 3335 simpli·

262 3412 268 3427 .
296 3360 387 3430 citer
408 3354 637 3454 effingendas
669 3360 902 3447 convertitur,
925 3358 1005 3429 sive
1021 3354 1193 3453 pastorali
1223 3353 1351 3431 habitu
1390 3356 1514 3444 utitur,

293 3476 370 3548 sive
386 3472 458 3546 illis
476 3476 641 3571 personis
662 3498 754 3571 quas
766 3471 865 3545 hand
883 3475 1063 3544 immerito
1077 3483 1229 3559 ὰλληγορεας
1240 3468 1424 3568 appellare
1440 3494 1519 3568 pos·
1562 3524 1568 3539 .

293 3614 428 3665 sumus
449 3590 526 3663 Nec
543 3587 625 3665 ideo
651 3589 711 3664 hae
728 3590 1015 3685 compositiones
1039 3585 1161 3659 adhuc
1182 3585 1230 3659 ad
1250 3611 1399 3659 scenam
1420 3597 1518 3684 aptae

294 3706 523 3780 videbuntur.
548 3705 728 3804 Pleraque
749 3708 847 3778 enim
862 3726 987 3776 eorum
1008 3727 1093 3800 quae
1109 3700 1279 3773 audimus
1298 3726 1366 3774 nos
1379 3712 1518 3798 cogunt

202 3890 209 3905 ,
294 3822 340 3896 ad
355 3823 537 3923 Johannis
555 3824 619 3898 del
628 3824 666 3897 E
667 3820 777 3895 ncz‘na
795 3822 911 3894 vitam
925 3821 1089 3891 animum
1118 3815 1307 3890 deflectere
1328 3831 1363 3889 et
1383 3841 1519 3891 memo·

294 3943 358 4014 riae
380 3952 513 4014 nostrae
532 3964 589 4013 res
608 3936 771 4012 afabufa
790 3933 1035 4009 alienissimas
1050 3931 1296 4030 suppeditant,
1320 3934 1372 4006 ita
1388 3945 1517 4007 utnon

455 4172 495 4235 (r)
510 4186 526 4221 e
541 4168 664 4236 Ninguno
674 4175 753 4234 tenga
766 4165 857 4217 osadia

508 4250 547 4301 De
562 4258 648 4301 tomar
669 4248 768 4299 fuerzas
780 4246 894 4312 comign,

506 4332 534 4381 Si
549 4347 583 4380 no
598 4329 683 4395 quiere
696 4336 764 4380 ester
778 4326 888 4393 consigo

501 4411 577 4462 Cada
592 4410 636 4460 dia

507 4500 545 4549 En
563 4497 676 4549 revuelta
690 4501 705 4547 ὁ
720 4514 751 4546 en
767 4497 856 4561 portia.

507 4580 592 4646 Quien
607 4580 688 4646 podra
701 4578 734 4627 de
749 4578 784 4628 mi
797 4578 879 4644 poder

507 4660 638 4710 Defendar

504 4738 541 4791 Su
555 4739 663 4789 libertad
678 4742 692 4788 e
705 4736 819 4788 aluedrio

508 4821 574 4872 Pues
589 4818 674 4887 puede
690 4817 725 4868 mi
738 4817 845 4885 poderio

508 4900 591 4964 Hem,
614 4907 697 4951 mator
719 4902 733 4949 e
757 4898 865 4966 prender
878 4898 918 4950 3»
