3475 5609
632 650 638 675 ,
702 604 741 618 -
762 584 802 652 33
823 605 861 617 -

157 746 367 831 expugnata
377 746 431 807 est
450 764 463 795 r
489 734 543 825 (ι)
565 732 698 805 Nonne
714 730 935 805 contendere
951 756 1143 830 possumus
1156 731 1238 807 haec
1250 732 1380 806 eodem

156 848 231 923 iere
250 862 409 947 tempore
431 877 502 947 quo
522 864 721 923 extremum
753 848 962 923 Maurorum
992 848 1203 945 praesidium
1232 864 1379 950 captum

155 978 211 1039 est
231 964 328 1039 dicta
344 968 480 1039 iuissei
513 966 570 1037 Ab
595 964 827 1039 adolescente
849 968 959 1062 igitur
984 964 1043 1039 vix
1070 964 1207 1039 scholis
1231 992 1379 1065 egresso

157 1081 346 1155 Celestr'rnz
362 1086 562 1178 composita
583 1096 662 1167 est;
686 1106 752 1151 nec
773 1084 901 1153 mirum
931 1094 985 1155 est
1004 1085 1035 1154 si
1056 1085 1202 1155 animus
1225 1081 1377 1179 juvenili

155 1197 315 1293 quodam
346 1198 470 1270 nrdore
496 1196 624 1283 elatus,
644 1198 673 1269 si
700 1221 803 1271 mens
831 1196 1003 1271 omnibus
1029 1196 1206 1271 doctrinis
1237 1198 1377 1273 imbuta

154 1314 300 1388 dicendi
330 1319 465 1411 impetu
485 1328 519 1387 et
547 1304 785 1411 intemperato
818 1318 984 1387 scientiae
1008 1340 1077 1389 usu
1110 1318 1148 1387 in
1180 1340 1226 1387 ea
1257 1314 1377 1389 decia·

154 1446 290 1504 rantur.
326 1432 403 1505 Nec
424 1435 541 1527 magis
563 1434 689 1503 mirum
728 1444 782 1503 est
808 1435 836 1503 si
861 1432 1054 1504 Fernando
1071 1434 1115 1505 de
1142 1431 1269 1533 Rojas,
1292 1457 1374 1507 curn

154 1550 296 1621 timeret
313 1574 357 1621 ne
377 1546 549 1619 scribenti
566 1546 716 1619 licentia
735 1551 767 1619 ei
789 1550 933 1620 crimini
959 1561 1155 1621 vertererur
1189 1573 1376 1648 moraeque

152 1676 189 1736 et
209 1663 470 1760 impedimento
486 1662 597 1746 fieret,
619 1688 692 1736 non
704 1662 815 1736 semel
831 1662 1045 1761 praedicavit
1059 1688 1104 1761 ¹se
1122 1663 1374 1761 gravissimam

151 1777 357 1851 doctrinam
376 1779 467 1877 jocis
487 1782 561 1852 suis
581 1778 733 1853 velasse.

202 1896 441 1990 Quinetiam,
462 1893 637 1968 affirmare
654 1921 728 1968 non
744 1893 873 1967 dubito
898 1920 997 1984 eum,
1017 1896 1104 1969 dum
1128 1899 1213 1970 vani
1231 1911 1267 1970 et
1287 1896 1373 1971 mali

151 2016 271 2109 operis
286 2010 530 2141 suspicionem
552 2010 656 2107 iugit,
678 2009 806 2082 eodem
827 2009 985 2083 consilio
1002 2034 1110 2085 usum
1129 2036 1209 2085 esse
1223 2037 1270 2085 ac
1284 2015 1373 2086 Cer·

151 2137 278 2201 nantes
298 2126 357 2225 qui
380 2130 529 2201 nomine
550 2124 642 2202 Czde
666 2128 822 2199 Hamete
845 2124 1050 2227 Benengelz
1076 2130 1257 2226 proprium
1284 2132 1373 2203 texit

151 2268 300 2317 nomen.
325 2242 408 2317 Non
427 2268 506 2316 esse
526 2256 644 2341 potest
664 2246 752 2339 quin
773 2241 869 2315 idem
901 2255 936 2315 et
961 2246 1147 2363 primum
1148 2270 1216 2318 nec
1234 2258 1374 2319 ceteros

150 2362 465 2457 actusscripserit:
481 2384 589 2456 quam
610 2362 832 2433 sententiam
843 2359 980 2433 Blanco
1004 2335 1188 2456 Mateta)
1208 2358 1372 2435 deiendit

149 2490 185 2547 et
198 2479 325 2549 omnia
339 2474 427 2546 mibi
440 2474 654 2548 confirmare
668 2472 837 2547 videntur
850 2484 911 2568 (3).
932 2474 1076 2548 Etenim
1094 2474 1371 2550 mira'orationis

31 2670 38 2679 ,
149 2588 351 2664 similitudo
372 2588 494 2663 lectori
511 2587 699 2687 apparebit
728 2588 788 2687 qui
816 2594 945 2664 ceteris
965 2594 1120 2687 primum
1140 2606 1263 2665 actum
1283 2617 1370 2665 con·

13 2714 15 2723 '
72 2718 78 2731 ”
149 2705 283 2779 tulerit.
307 2706 346 2777 Ιη
368 2705 431 2778 illo
451 2704 543 2779 libro
574 2708 635 2803 qui
662 2734 680 2773 «
704 2704 888 2805 Orzgrenes
909 2707 973 2778 del
1002 2707 1128 2779 Teatro
1158 2708 1369 2806 Espatiol»

148 2820 369 2909 inscribitur,
395 2820 568 2894 Moratin
598 2846 680 2895 cum
700 2846 763 2894 eos
798 2820 889 2895 nihil
919 2823 1013 2895 inter
1039 2847 1079 2895 se
1100 2826 1279 2897 sermonis
1303 2848 1371 2898 usu

146 2936 290 3011 differre
306 2936 586 3024 animadvertat,
603 2940 814 3035 posterioris
834 2940 945 3035 partis
958 2958 1144 3011 auctorem
1165 2964 1242 3012 non
1256 2938 1370 3014 multo

145 3054 274 3149 prioris
288 3055 460 3149 scriptore
478 3052 686 3125 veteriorem
704 3051 814 3125 fuisse
830 3051 1013 3144 declarat;
1031 3053 1097 3126 sed
1108 3079 1178 3127 nec
1196 3055 1307 3156 Juan
1327 3057 1372 3130 de

145 3168 273 3255 Meum·
293 3195 360 3241 nec
391 3168 555 3269 Rndrigo
573 3170 616 3241 de
637 3174 728 3241 Coto
750 3168 854 3265 hujus
875 3173 988 3267 partis
1009 3168 1055 3242 de
1075 3194 1148 3268 qua
1172 3170 1371 3269 ambigitur

146 3282 247 3357 nullo
281 3284 391 3357 modo
421 3301 587 3358 auctores
608 3285 760 3383 putandi
792 3299 889 3373 sunt,
927 3290 1063 3383 quippe
1094 3310 1246 3385 quorum
1279 3286 1371 3362 alter

146 3398 349 3474 doctrinam
392 3400 646 3499 jactantiorem
681 3414 717 3475 et
754 3402 909 3476 latinum
945 3426 1049 3475 usum
1084 3401 1240 3491 affectet,
1279 3404 1371 3477 alter

144 3528 267 3591 autem
303 3530 495 3591 venustate
528 3517 686 3614 quadam
726 3516 867 3615 liquida
886 3529 921 3590 et
941 3516 1042 3590 molli
1071 3517 1365 3612 commendetur;

144 3658 230 3731 quae
251 3631 356 3706 dotes
377 3637 527 3705 minime
558 3646 593 3705 et
624 3632 857 3729 excogitandi
879 3646 914 3706 et
936 3632 1083 3706 dicendi
1112 3633 1221 3707 modo
1239 3660 1368 3709 conve·

145 3754 250 3823 niunt
267 3775 340 3847 quo
362 3747 551 3823 Celestz'nu
572 3748 781 3822 illustratur.
802 3750 984 3822 Praeterea
1004 3750 1060 3821 his
1074 3752 1205 3848 viginti
1227 3765 1288 3825 aut
1307 3755 1367 3824 tri·

142 3866 248 3962 ginta
265 3868 374 3939 annis
394 3865 527 3963 quibus
550 3864 586 3935 hi
609 3864 700 3937 ialso
725 3864 851 3939 crediti
879 3878 1046 3938 auctores
1067 3890 1090 3937 a
1115 3864 1307 3940 Fernando
1325 3869 1370 3942 de

143 3980 257 4077 Ros'as
271 3996 483 4077 separantur
503 3979 676 4078 loquendi
696 4005 813 4076 genus
831 3979 927 4077 apud
954 3978 1187 4054 Castellanos
1206 3980 1369 4080 pluribus

174 4262 391 4328 (ttuQuetanto
414 4270 438 4312 te
466 4262 649 4313 maravillnrias
672 4262 693 4311 si
709 4260 823 4327 dijesen:
844 4260 959 4311 latierm
984 4260 1125 4316 temblo.ri
1150 4270 1205 4311 otro
1225 4262 1367 4329 semejnnte

142 4362 213 4403 cosa,
226 4361 275 4409 que
289 4360 322 4393 no
337 4344 362 4393 la
379 4344 509 4395 olvidases
531 4344 629 4410 luego?
657 4344 701 4392 Asi
725 4359 822 4395 corno:
846 4343 941 4391 helado
959 4346 1015 4391 esta
1033 4342 1056 4391 ei
1074 4342 1120 4404 rio,
1138 4341 1162 4391 el
1177 4342 1298 4409 ciegove
1323 4362 1366 4411 yn,

142 4433 243 4475 muerto
267 4440 295 4473 es
309 4431 334 4472 tu
348 4423 435 4489 padre,
449 4440 482 4472 un
495 4440 558 4488 rayo
572 4438 646 4487 cayo,
665 4422 769 4488 gunada
785 4437 812 4470 es
825 4421 994 4471 Granadm

173 4505 212 4567 (2)
225 4502 266 4553 Cf.
279 4519 294 4553 ι
306 4502 467 4553 Variedades
481 4518 497 4551 o
513 4502 668 4568 Mensagero
683 4502 715 4550 de
734 4501 857 4563 Londres,
876 4500 1010 4549 Periodieo
1030 4500 1157 4551 trimestre
1181 4516 1226 4568 por
1245 4504 1269 4553 ei
1287 4504 1368 4559 Reve-

141 4583 223 4633 rendo
237 4582 333 4648 loseph
348 4582 447 4632 Blanco
463 4582 583 4633 white».
598 4608 630 4620 -
641 4580 758 4632 Tomoi.
771 4581 894 4641 Londres,
906 4581 1071 4629 Ackermnnn
1088 4584 1156 4645 1824.

172 4668 209 4729 (3)
225 4663 303 4728 Haud
316 4680 405 4729 magni
398 4662 615 4713 'existimandum
627 4661 748 4728 ponderis
758 4660 878 4711 existimo
890 4661 962 4710 ilium
973 4663 1067 4723 etloum
1080 4663 1152 4711 Ulloa
1163 4662 1241 4728 quiin
1254 4663 1366 4714 editione

140 4742 261 4795 Venetiae
274 4757 342 4794 anno
356 4742 469 4793 MDLlll
481 4742 586 4809 vulgata
603 4742 730 4792 Fernandi
742 4743 774 4791 de
784 4742 862 4801 Royas
875 4740 907 4791 de
921 4740 1038 4813 Joharine
1052 4743 1085 4792 de
1104 4744 1180 4804 Merra
1194 4752 1236 4794 eut
1251 4744 1365 4833 Rodrigo

139 4826 173 4877 de
182 4826 245 4877 Coie
258 4822 319 4878 ficta
332 4822 409 4875 dubia
423 4823 515 4874 reterre
529 4821 591 4874 satis
604 4822 689 4874 habet.
1103 4857 1107 4863 <
