3475 5609
866 640 1027 690 ιιι-22-

386 793 454 866 Cui
476 791 644 888 religioni
666 791 831 865 ultimam
849 793 972 863 aetatis
991 814 1069 862 suae
1085 801 1224 885 partem
1244 792 1397 861 omnino
1416 790 1561 863 dedisse

337 910 489 982 videtur.
522 909 715 1006 impositus
739 907 836 979 enim
860 932 960 978 anno
985 905 1157 977 MDXIX
1181 930 1200 975 a
1227 930 1370 977 summo
1390 906 1561 1002 pontifice

334 1026 427 1099 Leon
456 1026 495 1097 X
520 1022 699 1097 Ecclesiae
722 1026 922 1098 Leonerrsis
954 1020 1135 1107 sacerdos
1157 1021 1278 1093 Roma
1310 1022 1438 1094 eodem
1460 1048 1560 1096 anno

335 1140 586 1241 proficiscitur,
621 1141 869 1213 marchionem
908 1140 952 1210 de
980 1136 1112 1231 Torz'sa
1142 1140 1237 1209 intra
1263 1136 1355 1209 fines
1388 1140 1558 1215 Venetiae

336 1260 509 1330 convenit
534 1266 571 1329 et
601 1256 711 1353 paulo
742 1268 823 1353 post
856 1253 1124 1350 Hierosolymae
1148 1278 1250 1327 sacra
1277 1258 1447 1352 mysteria
1471 1281 1559 1328 con·

337 1370 508 1445 celebrat.
533 1375 542 1453 l
551 1374 581 1465 1)
605 1371 751 1465 Quibus
766 1370 988 1468 temporibus
1002 1369 1039 1440 in
1055 1370 1272 1465 Hispaniam
1285 1371 1429 1443 redierit
1444 1374 1557 1445 incer·

338 1499 510 1577 tumest;
547 1490 576 1559 si
601 1487 709 1559 fidem
731 1486 783 1559 illi
818 1485 891 1561 Gz'l
921 1485 1107 1560 Gortao'lea
1141 1484 1280 1557 Ddoz‘la
1311 1486 1560 1579 (aladhibere

337 1604 431 1691 licet,
459 1616 609 1675 mortem
630 1600 720 1675 obiit
741 1628 840 1675 anno
862 1602 1103 1675 MDXXXIV
1135 1606 1171 1673 in
1205 1602 1442 1676 Salrnantina
1473 1604 1559 1679 urbe

337 1719 461 1818 ibique
483 1723 519 1789 in
541 1717 696 1790 basilica
718 1731 822 1792 terrae
844 1717 1041 1791 mandatus
1060 1731 1128 1789 est.

387 1835 487 1928 Quid
513 1838 559 1907 sit
575 1837 686 1930 igitur
701 1834 903 1907 notandum
926 1837 963 1906 in
984 1833 1041 1905 his
1060 1833 1186 1906 decem
1202 1833 1345 1941 labellis
1364 1840 1521 1908 scenicis
1540 1864 1562 1909 a

335 1950 505 2049 Johanne
537 1950 600 2022 del
627 1948 774 2022 Encz'na
813 1955 909 2022 intra
951 1952 1104 2046 primam
1142 1955 1263 2023 aetatis
1302 1977 1379 2023 suae
1422 1965 1559 2049 partem

337 2066 490 2163 scriptis
532 2079 568 2138 et
605 2082 785 2163 quatenus
825 2069 860 2136 in
902 2065 959 2137 his
997 2090 1115 2137 mores
1130 2068 1291 2161 proprios
1313 2068 1557 2165 Hispanorum

338 2181 542 2279 depinxerit
563 2207 660 2255 nunc
685 2197 739 2254 est
765 2182 1034 2279 requirendum,
1054 2194 1092 2253 ut
1109 2180 1249 2254 lacilius
1269 2182 1376 2256 nobis
1396 2198 1560 2258 occurrat

338 2324 448 2396 quam
465 2325 520 2371 res
542 2324 637 2371 nova
651 2310 686 2371 et
708 2302 874 2374 inaudita
893 2296 1083 2372 Celestz'na
1113 2296 1174 2369 illa
1195 2298 1298 2371 luerit
1325 2313 1361 2371 et
1382 2314 1558 2397 quantum

337 2426 464 2512 postea
496 2414 705 2512 Jobannem
741 2413 857 2511 ipsum
893 2413 1152 2486 informaverit,
1186 2415 1281 2489 Duae
1303 2418 1429 2512 primae
1463 2416 1561 2489 illius

339 2528 514 2629 Ecglogae
561 2533 600 2601 in
634 2555 782 2602 scenam
821 2528 1030 2627 prodierunt
1069 2543 1176 2602 nocte
1214 2532 1440 2620 Natiuitatis
1462 2558 1561 2603 anno

337 2636 740 2733 MCCCCLXXXVH,
752 2649 788 2716 in
806 2645 916 2718 domo
936 2645 1040 2717 ducis
1056 2646 1191 2718 Albani
1208 2647 1269 2719 ubi
1290 2661 1466 2721 structum
1482 2648 1561 2745 pul-

337 2766 452 2859 pitum
468 2760 595 2835 iuerat.
623 2762 822 2859 Spectante
838 2762 930 2834 duce
945 2775 980 2834 et
997 2775 1074 2834 tota
1097 2762 1173 2859 ejus
1199 2762 1336 2835 lamiiia
1360 2763 1561 2861 procedunt

338 2876 411 2950 duo
431 2890 595 2973 pastores
619 2911 625 2949 :
645 2904 689 2950 ex
718 2876 832 2950 altera
858 2894 958 2974 parte
989 2876 1087 2950 venit
1114 2878 1224 2978 Juar'r
1251 2883 1313 2975 qui
1348 2905 1386 2951 se
1414 2879 1559 2951 beatum

336 2992 524 3091 profitetur
557 2992 655 3091 quod
685 3018 799 3066 novos
828 2994 999 3066 dominos
1028 2992 1193 3084 habeat;
1227 3021 1272 3067 ex
1302 2994 1415 3069 altera
1436 3008 1558 3069 autem
1650 3039 1653 3046 «

337 3111 457 3182 Maleo
476 3113 537 3207 qui
558 3108 635 3208 ejus
654 3109 936 3183 obtrectatorum
970 3109 1079 3183 verba
1104 3126 1264 3208 usurpat.
1297 3112 1406 3211 Juon
1427 3115 1466 3183 in
1486 3135 1558 3209 quo

336 3226 480 3299 iacilius
495 3240 550 3299 est
565 3239 749 3300 auctorem
773 3230 891 3323 ipsum
913 3252 1119 3323 agnoscere,
1129 3253 1167 3299 se
1182 3226 1329 3324 jamjam
1360 3253 1470 3324 opera
1494 3253 1560 3301 sua

336 3342 516 3416 editurum
549 3347 764 3465 pronuntiat
802 3356 840 3417 ut
869 3346 893 3414 ii
926 3347 987 3441 qui
1023 3368 1105 3415 eum
1140 3343 1344 3417 maledictis
1378 3344 1561 3418 lacessant

336 3458 585 3532 obmutescere
612 3472 800 3557 cogantur,
822 3472 857 3532 et
888 3462 1097 3532 novissimis
1123 3462 1198 3532 suis
1227 3460 1346 3533 verbis
1375 3460 1421 3532 ad
1442 3484 1559 3557 prosc-

336 3574 503 3672 quendos
529 3600 650 3649 rursus
674 3574 843 3649 laudibus
874 3574 1044 3648 dominos
1060 3600 1145 3648 suos
1177 3580 1299 3650 utitur.
1324 3578 1364 3650 ln
1399 3577 1562 3651 secunda

336 3690 500 3790 Ecgloga
515 3718 599 3789 quae
615 3689 741 3764 eadem
763 3704 871 3763 nocte
897 3694 1049 3764 recitata
1064 3704 1128 3780 est,
1148 3717 1169 3763 a
1188 3691 1331 3765 duobus
1351 3692 1558 3790 pastoribus

335 3808 451 3881 Lucas
467 3818 502 3879 ct
522 3809 646 3880 Marco
672 3812 861 3880 nuntiatur
878 3821 1003 3881 natum
1020 3832 1099 3879 esse
1120 3810 1242 3905 Jesum
1264 3808 1464 3896 Christum,
1487 3835 1561 3907 qua

336 3948 372 3995 re
400 3926 568 3996 nuntiata
598 3938 753 4021 quatuor
783 3928 821 3994 in
850 3948 963 3996 unum
989 3927 1203 4021 congregati
1229 3938 1391 4022 pastores
1410 3925 1560 3999 effusius

335 4037 507 4113 lae'tantur
526 4054 561 4111 et
573 4042 639 4112 iter
649 4039 695 4109 ad
713 4038 943 4111 invisendum
958 4038 1066 4111 modo
1086 4053 1213 4112 natum
1233 4053 1268 4112 et
1285 4044 1557 4114 sanctissimum

335 4180 498 4252 puerum,
526 4154 684 4252 lepidum
717 4183 735 4223 «
753 4154 947 4229 villancico
964 4185 982 4224 r>
1014 4168 1049 4227 et
1076 4155 1127 4227 'ab
1144 4160 1223 4252 ipso
1251 4155 1399 4228 Encz'na
1421 4156 1559 4231 musica

333 4286 500 4345 ornatum
528 4284 710 4357 canentes
751 4270 1017 4368 ingrediuntur.
1052 4278 1105 4367 (3)
1141 4271 1365 4370 Simpliciter
1392 4277 1485 4346 inter
1520 4298 1558 4345 se

364 4494 403 4557 (1)
417 4494 458 4543 Ci.
476 4508 490 4541 s
508 4492 628 4559 Trivagia
643 4508 659 4541 o
680 4492 721 4541 via
742 4494 853 4558 sagrada
873 4492 905 4541 de
927 4492 1089 4542 Hierusalem
1108 4509 1194 4557 »quae
1212 4493 1302 4542 Romae
1315 4510 1383 4542 anno
1397 4493 1518 4542 MDXXI
1535 4496 1559 4542 in

333 4571 426 4639 vulgus
439 4572 534 4622 emissa
549 4584 594 4623 est.
1169 4556 1173 4567 Ι

364 4656 402 4715 (2)
419 4652 531 4703 Historia
559 4653 592 4701 de
619 4654 657 4702 las
676 4653 863 4719 antigtiedades
887 4652 920 4700 de
940 4653 965 4702 la
989 4653 1081 4702 ciudad
1102 4654 1134 4702 de
1163 4654 1319 4703 Salamanca
1339 4682 1369 4692 -
1393 4653 1558 4713 Salamanca,

333 4733 409 4783 Artus
425 4732 573 4791 Taberniel,
592 4733 659 4784 1606.

368 4815 403 4878 (3)
422 4813 461 4863 Cl.
476 4832 488 4863 <r
504 4812 666 4864 Cancionero
677 4814 784 4863 musical
800 4814 832 4861 de
851 4814 890 4863 los
906 4814 987 4879 siglos
999 4814 1080 4886 XVy
1095 4814 1157 4867 XV!
1171 4814 1303 4866 transcrito
1317 4832 1334 4883 y
1347 4815 1500 4868 comentado
1512 4832 1559 4881 por

333 4892 470 4947 Francisco
483 4894 581 4967 Asenjo
596 4895 717 4947 Barbieri.
733 4892 843 4955 Madrid,
859 4894 928 4959 1890.
949 4911 963 4946 r
