<?xml version="1.0" encoding="UTF-8"?>
<!DOCTYPE html PUBLIC "-//W3C//DTD XHTML 1.0 Transitional//EN"
    "http://www.w3.org/TR/xhtml1/DTD/xhtml1-transitional.dtd">
<html xmlns="http://www.w3.org/1999/xhtml" xml:lang="en" lang="en">
 <head>
  <title>
</title>
<meta http-equiv="Content-Type" content="text/html;charset=utf-8" />
  <meta name='ocr-system' content='tesseract 3.04.00' />
  <meta name='ocr-capabilities' content='ocr_page ocr_carea ocr_par ocr_line ocrx_word'/>
</head>
<body>
  <div class='ocr_page' id='page_1' title='image "./quatenus00unkngoog_0016.png"; bbox 0 0 3475 5609; ppageno 0'>
   <div class='ocr_carea' id='block_1_1' title="bbox 754 524 912 590">
    <p class='ocr_par' dir='ltr' id='par_1_1' title="bbox 754 524 912 590">
     <span class='ocr_line' id='line_1_1' title="bbox 754 524 912 590; baseline -0.019 -31"><span class='ocrx_word' id='word_1_1' title='bbox 754 524 912 590; x_wconf 68' lang='lat'>,15-</span> 
     </span>
    </p>
   </div>
   <div class='ocr_carea' id='block_1_2' title="bbox 199 644 1560 4574">
    <p class='ocr_par' dir='ltr' id='par_1_2' title="bbox 215 644 1559 977">
     <span class='ocr_line' id='line_1_2' title="bbox 220 644 1444 743; baseline 0.001 -24"><span class='ocrx_word' id='word_1_2' title='bbox 220 669 313 743; x_wconf 91' lang='lat' dir='ltr'>quas</span> <span class='ocrx_word' id='word_1_3' title='bbox 341 644 546 719; x_wconf 90' lang='lat' dir='ltr'>meridiana</span> <span class='ocrx_word' id='word_1_4' title='bbox 578 669 661 741; x_wconf 90' lang='lat' dir='ltr'>pars</span> <span class='ocrx_word' id='word_1_5' title='bbox 692 644 882 719; x_wconf 83' lang='lat' dir='ltr'>Gallorum</span> <span class='ocrx_word' id='word_1_6' title='bbox 916 644 998 718; x_wconf 83' lang='lat' dir='ltr'>haec</span> <span class='ocrx_word' id='word_1_7' title='bbox 1030 648 1127 716; x_wconf 91' lang='lat' dir='ltr'>circa</span> <span class='ocrx_word' id='word_1_8' title='bbox 1170 656 1333 743; x_wconf 89' lang='lat' dir='ltr'>tempora</span> <span class='ocrx_word' id='word_1_9' title='bbox 1362 644 1444 720; x_wconf 91' lang='lat' dir='ltr'>tulit</span> 
     </span>
     <span class='ocr_line' id='line_1_3' title="bbox 219 760 1559 860; baseline 0.001 -26"><span class='ocrx_word' id='word_1_10' title='bbox 219 786 385 859; x_wconf 91' lang='lat' dir='ltr'>quasque</span> <span class='ocrx_word' id='word_1_11' title='bbox 421 762 612 837; x_wconf 84' lang='lat' dir='ltr'>Gancelmo</span> <span class='ocrx_word' id='word_1_12' title='bbox 643 764 687 835; x_wconf 85' lang='lat' dir='ltr'>de</span> <span class='ocrx_word' id='word_1_13' title='bbox 716 763 753 835; x_wconf 92' lang='lat' dir='ltr'><em>F</em></span> <span class='ocrx_word' id='word_1_14' title='bbox 752 760 860 860; x_wconf 80' lang='lat' dir='ltr'>aydz&#39;t</span> <span class='ocrx_word' id='word_1_15' title='bbox 894 774 929 833; x_wconf 87' lang='lat' dir='ltr'>et</span> <span class='ocrx_word' id='word_1_16' title='bbox 961 762 1151 835; x_wconf 79' lang='lat' dir='ltr'>Gorrendd</span> <span class='ocrx_word' id='word_1_17' title='bbox 1183 763 1227 833; x_wconf 82' lang='lat' dir='ltr'>de</span> <span class='ocrx_word' id='word_1_18' title='bbox 1247 761 1389 835; x_wconf 79' lang='lat' dir='ltr'>Sabran</span> <span class='ocrx_word' id='word_1_19' title='bbox 1409 776 1445 835; x_wconf 89' lang='lat' dir='ltr'>et</span> <span class='ocrx_word' id='word_1_20' title='bbox 1556 817 1559 823; x_wconf 85' lang='lat'><em>-</em></span> 
     </span>
     <span class='ocr_line' id='line_1_4' title="bbox 215 875 1439 977; baseline -0.001 -26"><span class='ocrx_word' id='word_1_21' title='bbox 215 877 383 951; x_wconf 80' lang='lat' dir='ltr'>Arnoldo</span> <span class='ocrx_word' id='word_1_22' title='bbox 410 876 554 949; x_wconf 82' lang='lat' dir='ltr'>Daniel</span> <span class='ocrx_word' id='word_1_23' title='bbox 567 888 603 949; x_wconf 94' lang='lat' dir='ltr'>et</span> <span class='ocrx_word' id='word_1_24' title='bbox 634 878 755 977; x_wconf 80' lang='lat' dir='ltr'>Roger</span> <span class='ocrx_word' id='word_1_25' title='bbox 773 878 817 949; x_wconf 81' lang='lat' dir='ltr'>de</span> <span class='ocrx_word' id='word_1_26' title='bbox 837 877 1025 951; x_wconf 76' lang='lat' dir='ltr'>clermont</span> <span class='ocrx_word' id='word_1_27' title='bbox 1058 875 1225 950; x_wconf 88' lang='lat' dir='ltr'>docuisse</span> <span class='ocrx_word' id='word_1_28' title='bbox 1258 875 1439 951; x_wconf 90' lang='lat' dir='ltr'>dicuntur.</span> 
     </span>
    </p>

    <p class='ocr_par' dir='ltr' id='par_1_3' title="bbox 217 990 1441 1439">
     <span class='ocr_line' id='line_1_5' title="bbox 219 990 1441 1091; baseline 0.001 -25"><span class='ocrx_word' id='word_1_29' title='bbox 219 993 261 1066; x_wconf 86' lang='lat' dir='ltr'>Si</span> <span class='ocrx_word' id='word_1_30' title='bbox 279 998 340 1091; x_wconf 97' lang='lat' dir='ltr'>qui</span> <span class='ocrx_word' id='word_1_31' title='bbox 362 1006 503 1091; x_wconf 84' lang='lat' dir='ltr'>poetae,</span> <span class='ocrx_word' id='word_1_32' title='bbox 525 1008 563 1065; x_wconf 92' lang='lat' dir='ltr'>ut</span> <span class='ocrx_word' id='word_1_33' title='bbox 582 992 648 1066; x_wconf 87' lang='lat' dir='ltr'>luit</span> <span class='ocrx_word' id='word_1_34' title='bbox 670 992 811 1068; x_wconf 85' lang='lat' dir='ltr'>Giraut</span> <span class='ocrx_word' id='word_1_35' title='bbox 825 990 1023 1090; x_wconf 77' lang='lat' dir='ltr'>Riquz‘ere</span> <span class='ocrx_word' id='word_1_36' title='bbox 1044 991 1275 1066; x_wconf 86' lang='lat' dir='ltr'>Narbonensi</span> <span class='ocrx_word' id='word_1_37' title='bbox 1293 994 1441 1067; x_wconf 90' lang='lat' dir='ltr'>civitate</span> 
     </span>
     <span class='ocr_line' id='line_1_6' title="bbox 217 1106 1441 1209; baseline 0.002 -29"><span class='ocrx_word' id='word_1_38' title='bbox 217 1110 404 1199; x_wconf 79' lang='lat' dir='ltr'>oriunduS,</span> <span class='ocrx_word' id='word_1_39' title='bbox 429 1111 460 1183; x_wconf 91' lang='lat' dir='ltr'>si</span> <span class='ocrx_word' id='word_1_40' title='bbox 480 1112 541 1208; x_wconf 91' lang='lat' dir='ltr'>qui</span> <span class='ocrx_word' id='word_1_41' title='bbox 553 1107 777 1209; x_wconf 81' lang='lat' dir='ltr'>joculatores</span> <span class='ocrx_word' id='word_1_42' title='bbox 798 1133 880 1181; x_wconf 91' lang='lat' dir='ltr'>cum</span> <span class='ocrx_word' id='word_1_43' title='bbox 900 1106 1030 1205; x_wconf 90' lang='lat' dir='ltr'>plausu</span> <span class='ocrx_word' id='word_1_44' title='bbox 1060 1111 1096 1179; x_wconf 95' lang='lat' dir='ltr'>in</span> <span class='ocrx_word' id='word_1_45' title='bbox 1133 1108 1314 1205; x_wconf 86' lang='lat' dir='ltr'>Hispania</span> <span class='ocrx_word' id='word_1_46' title='bbox 1343 1113 1441 1182; x_wconf 91' lang='lat' dir='ltr'>circa</span> 
     </span>
     <span class='ocr_line' id='line_1_7' title="bbox 217 1222 1438 1323; baseline -0.002 -22"><span class='ocrx_word' id='word_1_47' title='bbox 217 1230 361 1301; x_wconf 86' lang='lat' dir='ltr'>tertium</span> <span class='ocrx_word' id='word_1_48' title='bbox 399 1224 579 1299; x_wconf 91' lang='lat' dir='ltr'>decimum</span> <span class='ocrx_word' id='word_1_49' title='bbox 624 1224 801 1299; x_wconf 85' lang='lat' dir='ltr'>saeculum</span> <span class='ocrx_word' id='word_1_50' title='bbox 836 1222 975 1321; x_wconf 84' lang='lat' dir='ltr'>excepti</span> <span class='ocrx_word' id='word_1_51' title='bbox 1023 1240 1119 1309; x_wconf 89' lang='lat' dir='ltr'>sunt,</span> <span class='ocrx_word' id='word_1_52' title='bbox 1166 1250 1352 1323; x_wconf 89' lang='lat' dir='ltr'>nunquam</span> <span class='ocrx_word' id='word_1_53' title='bbox 1392 1226 1438 1298; x_wconf 89' lang='lat' dir='ltr'>ad</span> 
     </span>
     <span class='ocr_line' id='line_1_8' title="bbox 217 1339 1438 1439; baseline -0.001 -24"><span class='ocrx_word' id='word_1_54' title='bbox 217 1341 410 1415; x_wconf 86' lang='lat' dir='ltr'>theatralia</span> <span class='ocrx_word' id='word_1_55' title='bbox 439 1368 549 1439; x_wconf 89' lang='lat' dir='ltr'>opera</span> <span class='ocrx_word' id='word_1_56' title='bbox 575 1366 654 1416; x_wconf 84' lang='lat' dir='ltr'>sese</span> <span class='ocrx_word' id='word_1_57' title='bbox 688 1339 948 1430; x_wconf 86' lang='lat' dir='ltr'>intenderunt;</span> <span class='ocrx_word' id='word_1_58' title='bbox 972 1366 1051 1430; x_wconf 89' lang='lat' dir='ltr'>nec,</span> <span class='ocrx_word' id='word_1_59' title='bbox 1071 1344 1101 1413; x_wconf 93' lang='lat' dir='ltr'>si</span> <span class='ocrx_word' id='word_1_60' title='bbox 1121 1340 1254 1414; x_wconf 88' lang='lat' dir='ltr'>luerint</span> <span class='ocrx_word' id='word_1_61' title='bbox 1279 1345 1438 1438; x_wconf 85' lang='lat' dir='ltr'>apoelis</span> 
     </span>
    </p>

    <p class='ocr_par' dir='ltr' id='par_1_4' title="bbox 214 1453 1438 1787">
     <span class='ocr_line' id='line_1_9' title="bbox 217 1453 1436 1556; baseline -0.003 -25"><span class='ocrx_word' id='word_1_62' title='bbox 217 1453 309 1556; x_wconf 89' lang='lat' dir='ltr'>quos</span> <span class='ocrx_word' id='word_1_63' title='bbox 338 1462 542 1556; x_wconf 85' lang='lat' dir='ltr'>nuperrime</span> <span class='ocrx_word' id='word_1_64' title='bbox 575 1460 762 1531; x_wconf 90' lang='lat' dir='ltr'>nominavi</span> <span class='ocrx_word' id='word_1_65' title='bbox 794 1455 896 1529; x_wconf 87' lang='lat' dir='ltr'>allati</span> <span class='ocrx_word' id='word_1_66' title='bbox 934 1455 1084 1553; x_wconf 91' lang='lat' dir='ltr'>quidam</span> <span class='ocrx_word' id='word_1_67' title='bbox 1116 1458 1161 1528; x_wconf 93' lang='lat' dir='ltr'>ad</span> <span class='ocrx_word' id='word_1_68' title='bbox 1184 1481 1333 1529; x_wconf 84' lang='lat' dir='ltr'>scenam</span> <span class='ocrx_word' id='word_1_69' title='bbox 1363 1461 1436 1553; x_wconf 88' lang='lat' dir='ltr'>apti</span> 
     </span>
     <span class='ocr_line' id='line_1_10' title="bbox 214 1570 1438 1671; baseline -0.001 -24"><span class='ocrx_word' id='word_1_70' title='bbox 214 1598 351 1663; x_wconf 88' lang='lat' dir='ltr'>versus,</span> <span class='ocrx_word' id='word_1_71' title='bbox 369 1572 422 1645; x_wconf 93' lang='lat' dir='ltr'>illi</span> <span class='ocrx_word' id='word_1_72' title='bbox 447 1573 555 1647; x_wconf 91' lang='lat' dir='ltr'>simul</span> <span class='ocrx_word' id='word_1_73' title='bbox 572 1586 681 1671; x_wconf 89' lang='lat' dir='ltr'>atque</span> <span class='ocrx_word' id='word_1_74' title='bbox 703 1570 957 1670; x_wconf 82' lang='lat' dir='ltr'>Albigensium</span> <span class='ocrx_word' id='word_1_75' title='bbox 978 1572 1156 1646; x_wconf 85' lang='lat' dir='ltr'>doctrinae</span> <span class='ocrx_word' id='word_1_76' title='bbox 1172 1578 1332 1670; x_wconf 87' lang='lat' dir='ltr'>oppressi</span> <span class='ocrx_word' id='word_1_77' title='bbox 1353 1585 1438 1646; x_wconf 89' lang='lat' dir='ltr'>sunt</span> 
     </span>
     <span class='ocr_line' id='line_1_11' title="bbox 215 1688 1387 1787; baseline -0.002 -24"><span class='ocrx_word' id='word_1_78' title='bbox 215 1714 335 1787; x_wconf 90' lang='lat' dir='ltr'>neque</span> <span class='ocrx_word' id='word_1_79' title='bbox 349 1688 550 1787; x_wconf 90' lang='lat' dir='ltr'>quidquam</span> <span class='ocrx_word' id='word_1_80' title='bbox 568 1688 794 1762; x_wconf 83' lang='lat' dir='ltr'>auctoritatis</span> <span class='ocrx_word' id='word_1_81' title='bbox 815 1692 853 1760; x_wconf 96' lang='lat' dir='ltr'>in</span> <span class='ocrx_word' id='word_1_82' title='bbox 871 1688 1054 1785; x_wconf 84' lang='lat' dir='ltr'>Hispania</span> <span class='ocrx_word' id='word_1_83' title='bbox 1074 1700 1201 1785; x_wconf 91' lang='lat' dir='ltr'>postea</span> <span class='ocrx_word' id='word_1_84' title='bbox 1214 1688 1387 1762; x_wconf 89' lang='lat' dir='ltr'>habuere.</span> 
     </span>
    </p>

    <p class='ocr_par' dir='ltr' id='par_1_5' title="bbox 199 1802 1560 4574">
     <span class='ocr_line' id='line_1_12' title="bbox 265 1802 1437 1903; baseline -0.002 -24"><span class='ocrx_word' id='word_1_85' title='bbox 265 1805 304 1879; x_wconf 95' lang='lat' dir='ltr'>ld</span> <span class='ocrx_word' id='word_1_86' title='bbox 315 1831 399 1879; x_wconf 91' lang='lat' dir='ltr'>vero</span> <span class='ocrx_word' id='word_1_87' title='bbox 408 1830 525 1903; x_wconf 88' lang='lat' dir='ltr'>genus</span> <span class='ocrx_word' id='word_1_88' title='bbox 537 1803 673 1879; x_wconf 84' lang='lat' dir='ltr'>labulae</span> <span class='ocrx_word' id='word_1_89' title='bbox 685 1802 782 1902; x_wconf 93' lang='lat' dir='ltr'>quod</span> <span class='ocrx_word' id='word_1_90' title='bbox 800 1802 978 1903; x_wconf 78' lang='lat' dir='ltr'>mysterii</span> <span class='ocrx_word' id='word_1_91' title='bbox 991 1806 1213 1900; x_wconf 86' lang='lat' dir='ltr'>cognomine</span> <span class='ocrx_word' id='word_1_92' title='bbox 1226 1831 1245 1876; x_wconf 94' lang='lat' dir='ltr'>e</span> <span class='ocrx_word' id='word_1_93' title='bbox 1260 1804 1437 1901; x_wconf 87' lang='lat' dir='ltr'>religione</span> 
     </span>
     <span class='ocr_line' id='line_1_13' title="bbox 215 1917 1437 2019; baseline 0 -26"><span class='ocrx_word' id='word_1_94' title='bbox 215 1917 403 1995; x_wconf 77' lang='lat' dir='ltr'>materiam</span> <span class='ocrx_word' id='word_1_95' title='bbox 433 1920 534 1995; x_wconf 89' lang='lat' dir='ltr'>ducit</span> <span class='ocrx_word' id='word_1_96' title='bbox 559 1935 593 1994; x_wconf 90' lang='lat' dir='ltr'>et</span> <span class='ocrx_word' id='word_1_97' title='bbox 613 1926 768 2019; x_wconf 88' lang='lat' dir='ltr'>primurn</span> <span class='ocrx_word' id='word_1_98' title='bbox 798 1924 836 1993; x_wconf 95' lang='lat' dir='ltr'>in</span> <span class='ocrx_word' id='word_1_99' title='bbox 864 1919 981 1993; x_wconf 90' lang='lat' dir='ltr'>lucem</span> <span class='ocrx_word' id='word_1_100' title='bbox 1002 1921 1180 2018; x_wconf 91' lang='lat' dir='ltr'>prolatum</span> <span class='ocrx_word' id='word_1_101' title='bbox 1215 1933 1270 1994; x_wconf 90' lang='lat' dir='ltr'>est</span> <span class='ocrx_word' id='word_1_102' title='bbox 1306 1933 1342 1994; x_wconf 91' lang='lat' dir='ltr'>et</span> <span class='ocrx_word' id='word_1_103' title='bbox 1375 1920 1437 1993; x_wconf 95' lang='lat' dir='ltr'>diu</span> 
     </span>
     <span class='ocr_line' id='line_1_14' title="bbox 214 2036 1465 2137; baseline -0.001 -26"><span class='ocrx_word' id='word_1_104' title='bbox 214 2042 322 2111; x_wconf 88' lang='lat' dir='ltr'>vivax</span> <span class='ocrx_word' id='word_1_105' title='bbox 350 2036 481 2127; x_wconf 78' lang='lat' dir='ltr'>floruit,</span> <span class='ocrx_word' id='word_1_106' title='bbox 516 2037 800 2137; x_wconf 85' lang='lat' dir='ltr'>haudquaquam</span> <span class='ocrx_word' id='word_1_107' title='bbox 833 2036 961 2108; x_wconf 90' lang='lat' dir='ltr'>habitu</span> <span class='ocrx_word' id='word_1_108' title='bbox 979 2039 1133 2133; x_wconf 90' lang='lat' dir='ltr'>pristino</span> <span class='ocrx_word' id='word_1_109' title='bbox 1163 2049 1363 2111; x_wconf 88' lang='lat' dir='ltr'>ceterarum</span> <span class='ocrx_word' id='word_1_110' title='bbox 1400 2046 1465 2110; x_wconf 84' lang='lat' dir='ltr'>et&#39;</span> 
     </span>
     <span class='ocr_line' id='line_1_15' title="bbox 213 2140 1481 2250; baseline 0 -23"><span class='ocrx_word' id='word_1_111' title='bbox 213 2178 395 2228; x_wconf 85' lang='lat' dir='ltr'>sacrarum</span> <span class='ocrx_word' id='word_1_112' title='bbox 423 2152 624 2228; x_wconf 88' lang='lat' dir='ltr'>labularum</span> <span class='ocrx_word' id='word_1_113' title='bbox 659 2152 836 2226; x_wconf 87' lang='lat' dir='ltr'>dissimile</span> <span class='ocrx_word' id='word_1_114' title='bbox 874 2152 1014 2226; x_wconf 91' lang='lat' dir='ltr'>videtur</span> <span class='ocrx_word' id='word_1_115' title='bbox 1046 2140 1130 2249; x_wconf 70' lang='lat' dir='ltr'>quae</span> <span class='ocrx_word' id='word_1_116' title='bbox 1158 2166 1233 2226; x_wconf 90' lang='lat' dir='ltr'>turn</span> <span class='ocrx_word' id='word_1_117' title='bbox 1272 2152 1435 2250; x_wconf 89' lang='lat' dir='ltr'>undique</span> <span class='ocrx_word' id='word_1_118' title='bbox 1474 2171 1481 2227; x_wconf 87' lang='lat' dir='ltr'>t</span> 
     </span>
     <span class='ocr_line' id='line_1_16' title="bbox 213 2260 1434 2369; baseline -0.001 -28"><span class='ocrx_word' id='word_1_119' title='bbox 213 2268 309 2367; x_wconf 89' lang='lat' dir='ltr'>apud</span> <span class='ocrx_word' id='word_1_120' title='bbox 338 2294 465 2343; x_wconf 92' lang='lat' dir='ltr'>omnes</span> <span class='ocrx_word' id='word_1_121' title='bbox 477 2269 653 2369; x_wconf 82' lang='lat' dir='ltr'>Europeae</span> <span class='ocrx_word' id='word_1_122' title='bbox 673 2282 802 2367; x_wconf 83' lang='lat' dir='ltr'>gentes</span> <span class='ocrx_word' id='word_1_123' title='bbox 821 2260 1093 2341; x_wconf 68' lang='lat' dir='ltr'>exoriebanrurss</span> <span class='ocrx_word' id='word_1_124' title='bbox 1121 2270 1293 2342; x_wconf 79' lang='lat' dir='ltr'>Attamen</span> <span class='ocrx_word' id='word_1_125' title='bbox 1308 2281 1434 2342; x_wconf 92' lang='lat' dir='ltr'>notum</span> 
     </span>
     <span class='ocr_line' id='line_1_17' title="bbox 206 2383 1439 2487; baseline -0.006 -26"><span class='ocrx_word' id='word_1_126' title='bbox 206 2386 345 2476; x_wconf 66' lang='lat' dir='ltr'>Poema</span> <span class='ocrx_word' id='word_1_127' title='bbox 363 2386 474 2457; x_wconf 86' lang='lat' dir='ltr'>delos</span> <span class='ocrx_word' id='word_1_128' title='bbox 493 2386 610 2485; x_wconf 83' lang='lat' dir='ltr'>Reyes</span> <span class='ocrx_word' id='word_1_129' title='bbox 629 2387 760 2487; x_wconf 78' lang='lat' dir='ltr'>Magos</span> <span class='ocrx_word' id='word_1_130' title='bbox 775 2390 825 2483; x_wconf 70' lang='lat' dir='ltr'>(r)</span> <span class='ocrx_word' id='word_1_131' title='bbox 856 2398 920 2458; x_wconf 89' lang='lat' dir='ltr'>aut</span> <span class='ocrx_word' id='word_1_132' title='bbox 948 2383 1011 2456; x_wconf 89' lang='lat' dir='ltr'>illa</span> <span class='ocrx_word' id='word_1_133' title='bbox 1039 2384 1342 2482; x_wconf 82' lang='lat' dir='ltr'>Representarion</span> <span class='ocrx_word' id='word_1_134' title='bbox 1375 2384 1439 2456; x_wconf 84' lang='lat' dir='ltr'>del</span> 
     </span>
     <span class='ocr_line' id='line_1_18' title="bbox 211 2499 1434 2601; baseline -0.002 -24"><span class='ocrx_word' id='word_1_135' title='bbox 211 2500 443 2577; x_wconf 79' lang='lat' dir='ltr'>Nacimiento</span> <span class='ocrx_word' id='word_1_136' title='bbox 475 2504 528 2599; x_wconf 78' lang='lat' dir='ltr'>la)</span> <span class='ocrx_word' id='word_1_137' title='bbox 560 2528 670 2601; x_wconf 84' lang='lat' dir='ltr'>quarn</span> <span class='ocrx_word' id='word_1_138' title='bbox 710 2504 843 2579; x_wconf 74' lang='lat' dir='ltr'>Gomea</span> <span class='ocrx_word' id='word_1_139' title='bbox 890 2499 1089 2598; x_wconf 76' lang='lat' dir='ltr'>Maurique</span> <span class='ocrx_word' id='word_1_140' title='bbox 1126 2506 1164 2573; x_wconf 91' lang='lat' dir='ltr'>in</span> <span class='ocrx_word' id='word_1_141' title='bbox 1210 2505 1434 2575; x_wconf 83' lang='lat' dir='ltr'>monasterio</span> 
     </span>
     <span class='ocr_line' id='line_1_19' title="bbox 213 2615 1433 2715; baseline -0.003 -23"><span class='ocrx_word' id='word_1_142' title='bbox 213 2618 462 2692; x_wconf 70' lang='lat' dir='ltr'>Calabazanos</span> <span class='ocrx_word' id='word_1_143' title='bbox 480 2619 603 2692; x_wconf 91' lang='lat' dir='ltr'>docuit</span> <span class='ocrx_word' id='word_1_144' title='bbox 623 2617 779 2715; x_wconf 85' lang='lat' dir='ltr'>legentis</span> <span class='ocrx_word' id='word_1_145' title='bbox 798 2620 923 2689; x_wconf 90' lang='lat' dir='ltr'>animo</span> <span class='ocrx_word' id='word_1_146' title='bbox 943 2615 1083 2714; x_wconf 90' lang='lat' dir='ltr'>aliquid</span> <span class='ocrx_word' id='word_1_147' title='bbox 1104 2616 1306 2714; x_wconf 90' lang='lat' dir='ltr'>simplicius</span> <span class='ocrx_word' id='word_1_148' title='bbox 1326 2617 1433 2689; x_wconf 90' lang='lat' dir='ltr'>simul</span> 
     </span>
     <span class='ocr_line' id='line_1_20' title="bbox 210 2730 1434 2833; baseline 0 -28"><span class='ocrx_word' id='word_1_149' title='bbox 210 2746 320 2831; x_wconf 90' lang='lat' dir='ltr'>atque</span> <span class='ocrx_word' id='word_1_150' title='bbox 354 2732 550 2807; x_wconf 83' lang='lat' dir='ltr'>catholicae</span> <span class='ocrx_word' id='word_1_151' title='bbox 565 2732 649 2806; x_wconf 89' lang='lat' dir='ltr'>fidei</span> <span class='ocrx_word' id='word_1_152' title='bbox 671 2734 788 2833; x_wconf 86' lang='lat' dir='ltr'>magis</span> <span class='ocrx_word' id='word_1_153' title='bbox 815 2730 1103 2805; x_wconf 88' lang='lat' dir='ltr'>consentaneum</span> <span class='ocrx_word' id='word_1_154' title='bbox 1133 2732 1301 2806; x_wconf 82' lang='lat' dir='ltr'>offerunt.</span> <span class='ocrx_word' id='word_1_155' title='bbox 1329 2732 1434 2806; x_wconf 91' lang='lat' dir='ltr'>Circa</span> 
     </span>
     <span class='ocr_line' id='line_1_21' title="bbox 210 2846 1535 2949; baseline 0.002 -30"><span class='ocrx_word' id='word_1_156' title='bbox 210 2848 382 2922; x_wconf 90' lang='lat' dir='ltr'>Natalem</span> <span class='ocrx_word' id='word_1_157' title='bbox 412 2852 444 2949; x_wconf 87' lang='lat' dir='ltr'>J.</span> <span class='ocrx_word' id='word_1_158' title='bbox 474 2850 517 2924; x_wconf 90' lang='lat' dir='ltr'>C.</span> <span class='ocrx_word' id='word_1_159' title='bbox 544 2850 641 2922; x_wconf 92' lang='lat' dir='ltr'>diem</span> <span class='ocrx_word' id='word_1_160' title='bbox 664 2850 860 2922; x_wconf 90' lang='lat' dir='ltr'>crebriores</span> <span class='ocrx_word' id='word_1_161' title='bbox 888 2846 1023 2921; x_wconf 84' lang='lat' dir='ltr'>labulae</span> <span class='ocrx_word' id='word_1_162' title='bbox 1046 2852 1084 2920; x_wconf 94' lang='lat' dir='ltr'>in</span> <span class='ocrx_word' id='word_1_163' title='bbox 1115 2848 1295 2945; x_wconf 90' lang='lat' dir='ltr'>Hispania</span> <span class='ocrx_word' id='word_1_164' title='bbox 1323 2874 1433 2948; x_wconf 89' lang='lat' dir='ltr'>quarn</span> <span class='ocrx_word' id='word_1_165' title='bbox 1530 2861 1535 2869; x_wconf 85' lang='lat'>&#39;</span> 
     </span>
     <span class='ocr_line' id='line_1_22' title="bbox 209 2964 1433 3064; baseline 0 -28"><span class='ocrx_word' id='word_1_166' title='bbox 209 2968 247 3037; x_wconf 90' lang='lat' dir='ltr'>in</span> <span class='ocrx_word' id='word_1_167' title='bbox 274 2964 416 3064; x_wconf 87' lang='lat' dir='ltr'>reliqua</span> <span class='ocrx_word' id='word_1_168' title='bbox 441 2968 584 3063; x_wconf 90' lang='lat' dir='ltr'>Europa</span> <span class='ocrx_word' id='word_1_169' title='bbox 612 2970 803 3055; x_wconf 88' lang='lat' dir='ltr'>exsistunt,</span> <span class='ocrx_word' id='word_1_170' title='bbox 827 2990 963 3062; x_wconf 90' lang='lat' dir='ltr'>easque</span> <span class='ocrx_word' id='word_1_171' title='bbox 982 2989 1065 3036; x_wconf 91' lang='lat' dir='ltr'>cum</span> <span class='ocrx_word' id='word_1_172' title='bbox 1087 2964 1433 3061; x_wconf 84' lang='lat' dir='ltr'>summadiligentia</span> 
     </span>
     <span class='ocr_line' id='line_1_23' title="bbox 207 3080 1432 3181; baseline 0 -28"><span class='ocrx_word' id='word_1_173' title='bbox 207 3106 422 3181; x_wconf 90' lang='lat' dir='ltr'>summoque</span> <span class='ocrx_word' id='word_1_174' title='bbox 457 3108 573 3155; x_wconf 91' lang='lat' dir='ltr'>rerum</span> <span class='ocrx_word' id='word_1_175' title='bbox 605 3107 787 3155; x_wconf 90' lang='lat' dir='ltr'>sacrarum</span> <span class='ocrx_word' id='word_1_176' title='bbox 803 3080 924 3153; x_wconf 91' lang='lat' dir='ltr'>studio</span> <span class='ocrx_word' id='word_1_177' title='bbox 957 3094 1129 3176; x_wconf 84' lang='lat' dir='ltr'>exceptas</span> <span class='ocrx_word' id='word_1_178' title='bbox 1149 3106 1228 3153; x_wconf 89' lang='lat' dir='ltr'>esse</span> <span class='ocrx_word' id='word_1_179' title='bbox 1251 3080 1325 3176; x_wconf 81' lang='lat' dir='ltr'>jam</span> <span class='ocrx_word' id='word_1_180' title='bbox 1346 3095 1432 3154; x_wconf 88' lang='lat' dir='ltr'>ante</span> 
     </span>
     <span class='ocr_line' id='line_1_24' title="bbox 207 3188 1432 3293; baseline 0 -25"><span class='ocrx_word' id='word_1_181' title='bbox 207 3188 368 3271; x_wconf 82' lang='lat' dir='ltr'>medium</span> <span class='ocrx_word' id='word_1_182' title='bbox 388 3202 532 3271; x_wconf 88' lang='lat' dir='ltr'>tertium</span> <span class='ocrx_word' id='word_1_183' title='bbox 562 3196 742 3270; x_wconf 89' lang='lat' dir='ltr'>decimum</span> <span class='ocrx_word' id='word_1_184' title='bbox 776 3196 952 3269; x_wconf 65' lang='lat' dir='ltr'>saeculum</span> <span class='ocrx_word' id='word_1_185' title='bbox 976 3195 1236 3268; x_wconf 89' lang='lat' dir='ltr'>documentum</span> <span class='ocrx_word' id='word_1_186' title='bbox 1270 3195 1432 3293; x_wconf 86' lang='lat' dir='ltr'>praebere</span> 
     </span>
     <span class='ocr_line' id='line_1_25' title="bbox 204 3310 1429 3409; baseline -0.002 -23"><span class='ocrx_word' id='word_1_187' title='bbox 204 3338 395 3409; x_wconf 90' lang='lat' dir='ltr'>possumus</span> <span class='ocrx_word' id='word_1_188' title='bbox 435 3314 491 3387; x_wconf 90' lang='lat' dir='ltr'>vel</span> <span class='ocrx_word' id='word_1_189' title='bbox 537 3313 885 3409; x_wconf 88' lang='lat' dir='ltr'>locupletissimum,</span> <span class='ocrx_word' id='word_1_190' title='bbox 929 3312 1068 3402; x_wconf 83' lang='lat' dir='ltr'>scilicet</span> <span class='ocrx_word' id='word_1_191' title='bbox 1127 3310 1228 3383; x_wconf 90' lang='lat' dir='ltr'>illam</span> <span class='ocrx_word' id='word_1_192' title='bbox 1275 3310 1429 3408; x_wconf 84' lang='lat' dir='ltr'>primam</span> 
     </span>
     <span class='ocr_line' id='line_1_26' title="bbox 207 3426 1431 3527; baseline 0.002 -29"><span class='ocrx_word' id='word_1_193' title='bbox 207 3430 441 3522; x_wconf 64' lang='lat' dir='ltr'>«Partida»</span> <span class='ocrx_word' id='word_1_194' title='bbox 480 3434 576 3527; x_wconf 85' lang='lat' dir='ltr'>regis</span> <span class='ocrx_word' id='word_1_195' title='bbox 619 3430 798 3527; x_wconf 82' lang='lat' dir='ltr'>Alphonsi</span> <span class='ocrx_word' id='word_1_196' title='bbox 853 3429 1040 3527; x_wconf 87' lang='lat' dir='ltr'>Sapientis</span> <span class='ocrx_word' id='word_1_197' title='bbox 1091 3429 1157 3524; x_wconf 80' lang='lat'><strong>(3).</strong></span> <span class='ocrx_word' id='word_1_198' title='bbox 1201 3426 1302 3501; x_wconf 92' lang='lat' dir='ltr'>lllius</span> <span class='ocrx_word' id='word_1_199' title='bbox 1349 3453 1431 3501; x_wconf 92' lang='lat' dir='ltr'>vero</span> 
     </span>
     <span class='ocr_line' id='line_1_27' title="bbox 204 3540 1491 3643; baseline -0.002 -24"><span class='ocrx_word' id='word_1_200' title='bbox 204 3540 407 3620; x_wconf 87' lang='lat' dir='ltr'>labularum</span> <span class='ocrx_word' id='word_1_201' title='bbox 426 3550 572 3643; x_wconf 83' lang='lat' dir='ltr'>generis</span> <span class='ocrx_word' id='word_1_202' title='bbox 593 3545 731 3629; x_wconf 75' lang='lat' dir='ltr'>diutius</span> <span class='ocrx_word' id='word_1_203' title='bbox 754 3560 934 3619; x_wconf 89' lang='lat' dir='ltr'>amatores</span> <span class='ocrx_word' id='word_1_204' title='bbox 949 3544 1049 3618; x_wconf 88' lang='lat' dir='ltr'>luere</span> <span class='ocrx_word' id='word_1_205' title='bbox 1068 3546 1239 3641; x_wconf 86' lang='lat' dir='ltr'>Hispani,</span> <span class='ocrx_word' id='word_1_206' title='bbox 1266 3544 1430 3641; x_wconf 91' lang='lat' dir='ltr'>quando·</span> <span class='ocrx_word' id='word_1_207' title='bbox 1489 3580 1491 3584; x_wconf 47' lang='lat'><strong><em>¹</em></strong></span> 
     </span>
     <span class='ocr_line' id='line_1_28' title="bbox 203 3659 1560 3762; baseline -0.002 -26"><span class='ocrx_word' id='word_1_208' title='bbox 203 3662 352 3762; x_wconf 84' lang='lat' dir='ltr'>quidem</span> <span class='ocrx_word' id='word_1_209' title='bbox 367 3688 466 3735; x_wconf 89' lang='lat' dir='ltr'>anno</span> <span class='ocrx_word' id='word_1_210' title='bbox 478 3662 865 3736; x_wconf 89' lang='lat' dir='ltr'>MCCCCLXXXVll</span> <span class='ocrx_word' id='word_1_211' title='bbox 882 3665 919 3732; x_wconf 91' lang='lat' dir='ltr'>in</span> <span class='ocrx_word' id='word_1_212' title='bbox 934 3661 1071 3758; x_wconf 92' lang='lat' dir='ltr'>templo</span> <span class='ocrx_word' id='word_1_213' title='bbox 1087 3660 1228 3733; x_wconf 89' lang='lat' dir='ltr'>Sancto</span> <span class='ocrx_word' id='word_1_214' title='bbox 1245 3659 1427 3734; x_wconf 90' lang='lat' dir='ltr'>Salvatori</span> <span class='ocrx_word' id='word_1_215' title='bbox 1556 3723 1560 3733; x_wconf 92' lang='lat'><em>.</em></span> 
     </span>
     <span class='ocr_line' id='line_1_29' title="bbox 203 3762 1428 3879; baseline -0.004 -26"><span class='ocrx_word' id='word_1_216' title='bbox 203 3762 446 3879; x_wconf 87' lang='lat' dir='ltr'>Zaragosensi</span> <span class='ocrx_word' id='word_1_217' title='bbox 468 3780 728 3854; x_wconf 88' lang='lat' dir='ltr'>dicatodatum</span> <span class='ocrx_word' id='word_1_218' title='bbox 748 3792 803 3851; x_wconf 88' lang='lat' dir='ltr'>est</span> <span class='ocrx_word' id='word_1_219' title='bbox 816 3778 994 3876; x_wconf 88' lang='lat' dir='ltr'>ejusmodi</span> <span class='ocrx_word' id='word_1_220' title='bbox 1012 3776 1261 3875; x_wconf 89' lang='lat' dir='ltr'>spectaculum</span> <span class='ocrx_word' id='word_1_221' title='bbox 1283 3776 1371 3875; x_wconf 87' lang='lat' dir='ltr'>deJ.</span> <span class='ocrx_word' id='word_1_222' title='bbox 1385 3778 1428 3851; x_wconf 90' lang='lat' dir='ltr'>C.</span> 
     </span>
     <span class='ocr_line' id='line_1_30' title="bbox 202 3892 1431 3993; baseline -0.002 -24"><span class='ocrx_word' id='word_1_223' title='bbox 202 3910 388 3987; x_wconf 59' lang='lat' dir='ltr'>nascente</span> <span class='ocrx_word' id='word_1_224' title='bbox 413 3923 481 3970; x_wconf 87' lang='lat' dir='ltr'>nec</span> <span class='ocrx_word' id='word_1_225' title='bbox 515 3902 594 3971; x_wconf 89' lang='lat' dir='ltr'>sine</span> <span class='ocrx_word' id='word_1_226' title='bbox 627 3894 813 3981; x_wconf 58' lang='lat' dir='ltr'>cantibus</span> <span class='ocrx_word' id='word_1_227' title='bbox 848 3894 948 3993; x_wconf 92' lang='lat' dir='ltr'>quod</span> <span class='ocrx_word' id='word_1_228' title='bbox 986 3895 1110 3966; x_wconf 81' lang='lat' dir='ltr'>Maesa</span> <span class='ocrx_word' id='word_1_229' title='bbox 1141 3894 1231 3966; x_wconf 80' lang='lat' dir='ltr'>Yust</span> <span class='ocrx_word' id='word_1_230' title='bbox 1250 3892 1297 3964; x_wconf 92' lang='lat' dir='ltr'>ad</span> <span class='ocrx_word' id='word_1_231' title='bbox 1326 3916 1431 3990; x_wconf 85' lang='lat' dir='ltr'>reges</span> 
     </span>
     <span class='ocr_line' id='line_1_31' title="bbox 203 4008 1432 4088; baseline -0.003 -3"><span class='ocrx_word' id='word_1_232' title='bbox 203 4010 436 4088; x_wconf 89' lang='lat' dir='ltr'>Fernandum</span> <span class='ocrx_word' id='word_1_233' title='bbox 481 4031 516 4087; x_wconf 91' lang='lat' dir='ltr'>et</span> <span class='ocrx_word' id='word_1_234' title='bbox 561 4011 740 4087; x_wconf 88' lang='lat' dir='ltr'>lsabelam</span> <span class='ocrx_word' id='word_1_235' title='bbox 787 4009 832 4083; x_wconf 91' lang='lat' dir='ltr'>de</span> <span class='ocrx_word' id='word_1_236' title='bbox 871 4009 944 4082; x_wconf 86' lang='lat' dir='ltr'>lide</span> <span class='ocrx_word' id='word_1_237' title='bbox 987 4008 1187 4082; x_wconf 88' lang='lat' dir='ltr'>christiana</span> <span class='ocrx_word' id='word_1_238' title='bbox 1228 4008 1432 4081; x_wconf 89' lang='lat' dir='ltr'>monendos</span> 
     </span>
     <span class='ocr_line' id='line_1_32' title="bbox 201 4124 1427 4227; baseline -0.003 -27"><span class='ocrx_word' id='word_1_239' title='bbox 201 4132 404 4227; x_wconf 85' lang='lat' dir='ltr'>scripserat.</span> <span class='ocrx_word' id='word_1_240' title='bbox 421 4130 518 4223; x_wconf 82' lang='lat' dir='ltr'>Quae</span> <span class='ocrx_word' id='word_1_241' title='bbox 534 4134 580 4204; x_wconf 88' lang='lat' dir='ltr'>sit</span> <span class='ocrx_word' id='word_1_242' title='bbox 600 4129 692 4201; x_wconf 87' lang='lat' dir='ltr'>fides</span> <span class='ocrx_word' id='word_1_243' title='bbox 712 4152 823 4226; x_wconf 93' lang='lat' dir='ltr'>quam</span> <span class='ocrx_word' id='word_1_244' title='bbox 839 4126 950 4223; x_wconf 85' lang='lat' dir='ltr'>vulgo</span> <span class='ocrx_word' id='word_1_245' title='bbox 965 4124 1189 4199; x_wconf 93' lang='lat' dir='ltr'>catholicam</span> <span class='ocrx_word' id='word_1_246' title='bbox 1200 4137 1427 4221; x_wconf 91' lang='lat' dir='ltr'>nuncupant,</span> 
     </span>
     <span class='ocr_line' id='line_1_33' title="bbox 202 4240 1429 4346; baseline -0.001 -31"><span class='ocrx_word' id='word_1_247' title='bbox 202 4248 241 4315; x_wconf 93' lang='lat' dir='ltr'>in</span> <span class='ocrx_word' id='word_1_248' title='bbox 275 4244 332 4318; x_wconf 93' lang='lat' dir='ltr'>his</span> <span class='ocrx_word' id='word_1_249' title='bbox 363 4272 454 4346; x_wconf 90' lang='lat' dir='ltr'>quas</span> <span class='ocrx_word' id='word_1_250' title='bbox 488 4245 691 4319; x_wconf 86' lang='lat' dir='ltr'>docuerunt</span> <span class='ocrx_word' id='word_1_251' title='bbox 726 4245 884 4342; x_wconf 91' lang='lat' dir='ltr'>Hispani</span> <span class='ocrx_word' id='word_1_252' title='bbox 922 4242 967 4314; x_wconf 88' lang='lat' dir='ltr'>de</span> <span class='ocrx_word' id='word_1_253' title='bbox 1006 4241 1114 4315; x_wconf 90' lang='lat' dir='ltr'>rebus</span> <span class='ocrx_word' id='word_1_254' title='bbox 1147 4246 1260 4315; x_wconf 89' lang='lat' dir='ltr'>sacris</span> <span class='ocrx_word' id='word_1_255' title='bbox 1297 4240 1429 4315; x_wconf 88' lang='lat' dir='ltr'>labulis</span> 
     </span>
     <span class='ocr_line' id='line_1_34' title="bbox 201 4358 1431 4461; baseline -0.003 -28"><span class='ocrx_word' id='word_1_256' title='bbox 201 4365 319 4435; x_wconf 88' lang='lat' dir='ltr'>verius</span> <span class='ocrx_word' id='word_1_257' title='bbox 337 4375 373 4436; x_wconf 90' lang='lat' dir='ltr'>et</span> <span class='ocrx_word' id='word_1_258' title='bbox 387 4362 534 4461; x_wconf 89' lang='lat' dir='ltr'>planius</span> <span class='ocrx_word' id='word_1_259' title='bbox 561 4385 782 4461; x_wconf 82' lang='lat' dir='ltr'>cognoscere</span> <span class='ocrx_word' id='word_1_260' title='bbox 808 4359 934 4458; x_wconf 86' lang='lat' dir='ltr'>licebit</span> <span class='ocrx_word' id='word_1_261' title='bbox 968 4363 1096 4433; x_wconf 92' lang='lat' dir='ltr'>necin</span> <span class='ocrx_word' id='word_1_262' title='bbox 1116 4358 1200 4431; x_wconf 89' lang='lat' dir='ltr'>ullis</span> <span class='ocrx_word' id='word_1_263' title='bbox 1232 4372 1431 4432; x_wconf 89' lang='lat' dir='ltr'>ceterarum</span> 
     </span>
     <span class='ocr_line' id='line_1_35' title="bbox 199 4476 1019 4574; baseline -0.004 -23"><span class='ocrx_word' id='word_1_264' title='bbox 199 4476 365 4574; x_wconf 85' lang='lat' dir='ltr'>gentium</span> <span class='ocrx_word' id='word_1_265' title='bbox 385 4478 520 4554; x_wconf 78' lang='lat' dir='ltr'>tabulis</span> <span class='ocrx_word' id='word_1_266' title='bbox 542 4479 633 4553; x_wconf 88' lang='lat' dir='ltr'>adeo</span> <span class='ocrx_word' id='word_1_267' title='bbox 649 4482 792 4552; x_wconf 89' lang='lat' dir='ltr'>sincera</span> <span class='ocrx_word' id='word_1_268' title='bbox 808 4479 1019 4574; x_wconf 88' lang='lat' dir='ltr'>reperietur.</span> 
     </span>
    </p>
   </div>
   <div class='ocr_carea' id='block_1_3' title="bbox 232 4726 1087 4873">
    <p class='ocr_par' dir='ltr' id='par_1_6' title="bbox 232 4726 1087 4873">
     <span class='ocr_line' id='line_1_36' title="bbox 233 4726 664 4791; baseline 0 -14"><span class='ocrx_word' id='word_1_269' title='bbox 233 4726 664 4791; x_wconf 63' lang='lat' dir='ltr'>Q)Undedmosaecmoonum.</span> 
     </span>
     <span class='ocr_line' id='line_1_37' title="bbox 232 4794 1087 4873; baseline 0.001 -18"><span class='ocrx_word' id='word_1_270' title='bbox 232 4807 270 4869; x_wconf 80' lang='lat' dir='ltr'>(a)</span> <span class='ocrx_word' id='word_1_271' title='bbox 288 4807 356 4870; x_wconf 75' lang='lat' dir='ltr'>Quoe</span> <span class='ocrx_word' id='word_1_272' title='bbox 379 4822 393 4857; x_wconf 82' lang='lat' dir='ltr'>r&lt;</span> <span class='ocrx_word' id='word_1_273' title='bbox 407 4794 606 4871; x_wconf 73' lang='lat' dir='ltr'>reprisentacion</span> <span class='ocrx_word' id='word_1_274' title='bbox 617 4807 730 4873; x_wconf 75' lang='lat' dir='ltr'>»quinto</span> <span class='ocrx_word' id='word_1_275' title='bbox 746 4806 853 4859; x_wconf 84' lang='lat' dir='ltr'>decimo</span> <span class='ocrx_word' id='word_1_276' title='bbox 862 4805 959 4857; x_wconf 81' lang='lat' dir='ltr'>saeculo</span> <span class='ocrx_word' id='word_1_277' title='bbox 969 4814 1027 4856; x_wconf 84' lang='lat' dir='ltr'>acta</span> <span class='ocrx_word' id='word_1_278' title='bbox 1040 4813 1087 4856; x_wconf 88' lang='lat' dir='ltr'>est.</span> 
     </span>
    </p>
   </div>
   <div class='ocr_carea' id='block_1_4' title="bbox 236 4887 605 4955">
    <p class='ocr_par' dir='ltr' id='par_1_7' title="bbox 236 4887 605 4955">
     <span class='ocr_line' id='line_1_38' title="bbox 236 4887 605 4955; baseline -0.033 -4"><span class='ocrx_word' id='word_1_279' title='bbox 236 4887 605 4955; x_wconf 49' lang='lat' dir='ltr'>fflffiffimQffin</span> 
     </span>
    </p>
   </div>
   <div class='ocr_carea' id='block_1_5' title="bbox 0 0 1742 5609">
    <p class='ocr_par' dir='ltr' id='par_1_8' title="bbox 0 0 1742 5609">
     <span class='ocr_line' id='line_1_39' title="bbox 0 0 1742 5609; baseline 0 6"><span class='ocrx_word' id='word_1_280' title='bbox 0 0 1742 5609; x_wconf 95' lang='lat' dir='ltr'> </span> 
     </span>
    </p>
   </div>
  </div>
 </body>
</html>
