3475 5609
255 1402 351 1501 Quis
373 1400 599 1479 Celestinam
631 1418 667 1477 et
690 1430 710 1477 e
740 1402 872 1503 quibus
899 1402 1060 1479 lontibus
1084 1403 1252 1479 haustam
1281 1431 1426 1505 compo·

206 1524 317 1595 suerit
332 1545 431 1596 nunc
445 1530 500 1595 est
514 1518 774 1597 declarandum
796 1555 803 1594 :
830 1519 929 1619 quod
944 1519 1042 1593 eninr
1061 1523 1131 1595 nisi
1147 1520 1349 1597 dilucidum
1366 1522 1428 1597 ha·

206 1637 321 1729 bereS‚
345 1635 421 1712 alia
433 1634 501 1711 tibi
516 1635 728 1712 obscuriora
747 1636 874 1710 fierent
894 1662 979 1735 quae
997 1640 1122 1735 magni
1139 1650 1226 1711 sunt
1240 1637 1425 1736 ponderis.

258 1754 297 1827 ln
327 1751 551 1829 editionibus
579 1779 664 1853 quae
695 1751 848 1829 Sevillae
866 1778 966 1826 anno
990 1750 1185 1827 millesimo
1213 1754 1428 1853 quingente·

205 1868 297 1943 simo
317 1869 480 1945 secundo
505 1884 541 1945 et
563 1869 770 1971 Zaragozae
789 1894 889 1942 anno
910 1868 1104 1943 millesimo
1129 1868 1428 1969 quingentesimo

205 1987 360 2084 septimo
375 1984 475 2061 datae
491 1997 691 2061 ceterarum
702 1984 782 2059 lons
794 1997 831 2059 et
849 1989 953 2082 origo
968 1984 1066 2059 haud
1083 1983 1215 2083 injuste
1230 1984 1425 2075 habentur,

207 2096 397 2175 Celes'tina
430 2100 660 2199 dialogorum
695 2099 852 2199 speciem
886 2098 1025 2199 praebet
1058 2098 1120 2199 qui
1158 2126 1221 2200 per
1249 2126 1363 2175 unum
1391 2113 1427 2175 et

205 2216 338 2312 viginti
357 2230 461 2291 actus
487 2216 735 2316 producuntur
749 2250 756 2308 ;
793 2220 929 2315 primus
957 2226 1078 2290 autem
1108 2229 1212 2290 actus
1233 2214 1345 2315 longe
1372 2230 1428 2291 est
1459 2282 1464 2291 .

206 2335 493 2429 copiosissimus.
508 2334 643 2408 Totum
663 2359 754 2433 opus
765 2332 920 2433 epistola
931 2331 1150 2433 praeceditur
1163 2336 1201 2406 in
1222 2359 1295 2432 qua
1308 2337 1428 2407 amico

205 2448 352 2522 cuidam
372 2473 477 2523 suum
508 2462 634 2524 auctor
656 2436 832 2525 secretum
863 2448 1059 2523 consilium
1075 2447 1252 2524 declarat.
1275 2448 1427 2524 Adoles-

205 2577 332 2638 centes
369 2569 467 2640 enim
508 2566 683 2666 hispanos
717 2591 799 2642 cum
824 2564 997 2641 adversus
1035 2565 1211 2641 malorum
1245 2568 1426 2641 ministro·

203 2703 281 2754 rum
312 2692 349 2754 et
376 2682 554 2757 malarum
584 2682 801 2757 feminarum
827 2682 982 2757 insidias
1007 2682 1200 2757 delendere
1224 2688 1423 2773 statuisset,

203 2794 293 2870 lorte
317 2796 489 2895 scriptum
504 2804 537 2873 ei
554 2798 724 2874 volumen
735 2803 891 2874 occurrit
910 2799 1009 2898 quod
1029 2824 1145 2873 rerum
1166 2797 1426 2874 delicatissime

202 2916 491 3009 excogitatarum
508 2940 576 2988 nec
599 2941 674 2989 non
702 2928 736 2990 et
754 2914 979 2990 doctissimae
996 2913 1204 3014 disciplinae
1224 2915 1373 3013 plenum
1393 2917 1426 2988 ei

204 3026 320 3102 visum
350 3041 417 3119 est,
450 3042 487 3105 et
509 3028 557 3103 ab
583 3029 706 3105 alteris
725 3029 907 3131 Johannis
920 3032 964 3103 de
982 3031 1105 3118 Mena,
1129 3028 1177 3103 ab
1201 3028 1324 3104 alteris
1341 3055 1427 3105 vero

204 3142 358 3243 Rodrigi
377 3147 421 3219 de
440 3150 531 3221 Cata
547 3150 688 3221 nomini
706 3147 893 3221 addictum
919 3158 985 3220 est.
1009 3145 1119 3239 Quod
1140 3148 1347 3244 assumpsit,
1374 3159 1422 3237 et,

203 3274 242 3335 ut
258 3260 421 3337 animum
435 3288 458 3336 a
472 3262 649 3338 severiore
666 3261 754 3361 juris
773 3261 896 3337 studio
909 3260 1113 3352 diverteret,
1142 3258 1175 3334 ei
1193 3258 1331 3358 placuit
1349 3259 1427 3333 dia·

204 3376 310 3477 logos
339 3403 402 3477 per
425 3378 637 3478 quindecim
657 3404 793 3453 vacuos
817 3378 899 3453 dies
918 3383 1046 3453 iterum
1070 3377 1230 3475 perduci,
1253 3389 1302 3468 et,
1321 3402 1368 3450 ne
1389 3380 1428 3450 in

204 3496 453 3592 suspicionem
467 3520 589 3594 operae
617 3499 655 3568 in
679 3500 785 3569 vanis
813 3493 920 3571 rebus
949 3493 1103 3593 perditae
1124 3492 1316 3581 incideret,
1349 3496 1427 3590 ipse

201 3634 348 3709 quoque
371 3614 453 3710 quis
467 3624 564 3686 esset
587 3609 741 3685 lectores
766 3611 912 3685 celavit.
940 3609 1016 3684 Sed
1035 3610 1174 3685 Alonzo
1197 3610 1242 3683 de
1264 3610 1423 3700 Proaza,

201 3724 375 3801 librorum
395 3724 524 3803 litteris
544 3726 836 3803 mandandorum
847 3740 1037 3816 corrector,
1053 3724 1140 3799 dum
1161 3749 1252 3823 opus
1264 3737 1427 3798 nostrum

201 3841 340 3931 laudat,
362 3868 430 3918 nos
448 3857 573 3918 monet
593 3848 751 3919 auctoris
765 3856 800 3917 et
815 3866 953 3918 nomen
962 3856 999 3917 et
1012 3840 1190 3943 originem
1205 3845 1243 3915 in
1255 3841 1427 3916 undecim

203 3986 222 4027 <r
244 3958 381 4059 Coplas
401 3988 420 4030 »
442 3963 623 4033 contineri
645 3957 778 4058 quibus
803 3962 932 4033 iterum
961 3956 1115 4031 affirmat
1137 3968 1246 4055 poeta
1275 3982 1314 4030 se
1334 3955 1427 4030 nihil

204 4072 304 4148 aliud
334 4072 404 4149 nisi
431 4073 528 4173 justa
557 4073 728 4177 bonaque
752 4074 953 4174 praedicare
978 4074 1150 4150 voluisse.
1175 4073 1300 4148 Prima
1327 4076 1428 4147 enim

202 4189 376 4290 cujusque
400 4216 523 4265 versus
550 4192 669 4266 littera
695 4205 874 4267 secretum
903 4190 1064 4265 declarat
1086 4222 1095 4284 3
1131 4188 1265 4289 quibus
1292 4188 1429 4289 junctis

201 4306 357 4405 legimus
372 4341 379 4379 ε
400 4335 419 4377 u
435 4308 473 4379 E
476 4306 493 4379 l
503 4307 680 4381 bachr'ller
694 4308 732 4382 F
730 4308 891 4383 ernaudo
906 4309 950 4380 de
968 4305 1083 4406 Rojas
1100 4307 1204 4381 acala
1219 4306 1256 4379 la
1270 4304 1430 4381 comedia

201 4424 243 4495 de
263 4420 410 4497 Calisto
422 4449 453 4521 y
471 4423 638 4522 Melybea
655 4427 757 4523 efud
770 4422 920 4497 nascido
941 4448 986 4497 en
1011 4422 1048 4495 la
1063 4422 1194 4522 puella
1207 4424 1252 4496 a’e
1269 4421 1428 4497 Mantal-

201 4562 283 4612 oan.
307 4537 575 4635 (Bachellarius
600 4540 638 4613 F
637 4542 797 4613 ornando
824 4540 869 4613 de
892 4537 1009 4635 Rojas
1033 4537 1254 4614 comoediam
1280 4537 1429 4613 Calisto

194 4653 398 4755 yMelibea
417 4654 574 4730 confecit
593 4668 629 4729 et
649 4660 687 4731 ln
703 4681 800 4756 pago
814 4654 1119 4731 Montalvanensi
1140 4656 1350 4752 natusest).
