3475 5609
853 501 921 562 “..J
937 525 980 596 94
998 549 1039 565 -

334 673 337 680 ’
401 675 487 750 Duo
503 686 588 749 sunt
603 686 727 750 tamen
746 675 813 750 rivi
829 701 981 775 quorum
1001 703 1117 776 aquas
1136 677 1254 752 Lucas
1271 675 1492 751 Femandes
1507 701 1575 750 nec

351 789 516 890 deperdit
544 817 645 866 nece
666 792 864 868 Celestinoe
882 791 981 866 tonte
997 793 1128 867 haurit.
1150 793 1357 868 Catholicae
1376 791 1575 866 enimreli-

351 911 474 1005 gionis
510 907 652 983 afflatus
686 908 926 1007 fictarumque
962 908 1120 983 studium
1163 909 1393 984 historiarum
1431 919 1574 982 tanturn

324 1114 328 1127 .
352 1024 485 1098 absunt
505 1037 543 1098 ut
563 1029 715 1098 omnino
734 1025 1014 1122 exstinguantur
1031 1039 1071 1100 ut
1091 1025 1299 1101 dramaticis
1318 1025 1366 1098 ab
1389 1024 1573 1123 operibus,

319 1151 432 1239 'quae
465 1139 512 1213 ad
544 1140 737 1214 scribenda
770 1142 1016 1240 Hispanorum
1045 1157 1081 1216 et
1118 1141 1371 1217 Lusitanorum
1409 1166 1576 1215 sermone

217 1354 220 1361 Ι
352 1254 424 1332 Gz'l
442 1255 587 1330 Vz'cente
604 1262 678 1354 pari
708 1256 883 1331 felicitate
908 1283 995 1332 usus
1014 1273 1083 1348 est,
1110 1263 1185 1333 vim
1214 1256 1387 1356 majorem
1408 1271 1576 1333 mutuen-

349 1386 416 1462 tur,
453 1399 519 1448 nec
554 1377 704 1448 minoris
742 1379 916 1448 momenti
937 1400 1047 1474 quarn
1079 1379 1230 1473 picturae
1262 1400 1284 1447 a
1318 1371 1501 1447 Fernandi
1531 1373 1577 1445 de

349 1488 462 1589 Rojas
494 1488 680 1589 discipulis
718 1489 764 1564 ad
797 1489 914 1564 solam
952 1517 1069 1565 rerum
1101 1495 1289 1566 veritatem
1327 1488 1500 1564 traductae
1536 1493 1576 1561 in

351 1636 369 1675 «
387 1630 508 1680 aureae
523 1635 542 1676 »
556 1609 673 1680 aetatis
689 1605 866 1690 comediis
880 1607 1000 1681 lutura
1018 1618 1116 1683 sunt.
1145 1605 1344 1710 Celerrime
1362 1617 1459 1678 certe
1485 1608 1574 1679 ima·

347 1722 471 1821 ginem
494 1726 532 1796 in
555 1726 756 1797 «saturis»
778 1748 957 1821 agnosces
976 1725 1064 1823 quae'
1090 1725 1159 1799 «0
1180 1723 1288 1798 Vellro
1300 1724 1347 1795 da
1364 1722 1469 1796 horta
1485 1750 1506 1792 s
1539 1734 1577 1794 et

349 1841 480 1914 «Aulo
496 1841 563 1912 das
576 1839 738 1914 Fadas»
770 1840 1020 1915 inscribuntur
1036 1855 1073 1918 et
1100 1840 1223 1914 lenam
1247 1851 1310 1914 aut
1329 1862 1441 1914 anum
1462 1837 1575 1910 male·

347 1955 427 2030 ficis
458 1959 642 2030 viventem
672 1957 810 2032 artibus
841 1971 927 2032 ante
946 1958 1072 2033 oculos
1103 1953 1257 2055 ponunt.
1291 1955 1574 2030 «Saturarum»

347 2073 526 2167 (Farfas)
562 2095 647 2146 vero
667 2071 760 2146 liber
796 2072 956 2147 lusitana
986 2072 1115 2172 lingua
1144 2076 1249 2172 quasi
1279 2095 1422 2172 semper
1447 2073 1572 2160 utitur,

348 2211 427 2276 nec,
448 2189 477 2261 si
493 2187 592 2262 brevi
612 2201 714 2262 extra
732 2193 828 2287 regis
846 2192 883 2262 d.
895 2191 992 2291 Jodo
1007 2192 1101 2264 tertii
1112 2189 1206 2263 fines
1218 2211 1385 2286 egressus
1396 2196 1465 2275 est,
1484 2183 1575 2273 nulli

347 2302 472 2401 generi
493 2305 563 2378 nisi
580 2303 737 2378 mimicis
758 2304 850 2402 jocis
869 2331 962 2404 quos
982 2315 1263 2379 «entremesess
1286 2305 1442 2402 Hispani
1458 2303 1576 2375 norni-

349 2433 441 2492 nant
468 2419 636 2518 exempla
655 2418 818 2518 praebere
848 2426 978 2519 potuit.
1002 2419 1103 2517 Quid
1130 2422 1176 2494 de
1196 2416 1577 2517 Tragicomoedianrm

349 2533 442 2610 libro
461 2533 581 2607 dicam
605 2559 697 2635 quae,
721 2541 884 2635 exceptis
905 2539 1006 2611 «don
1023 2537 1196 2612 Duardos
1210 2567 1230 2608 s
1251 2548 1286 2610 et
1308 2532 1503 2609 «Amudis
1527 2534 1577 2606 da

350 2651 471 2726 Gaula
490 2679 523 2740 s,
560 2652 783 2749 temporibus
821 2653 939 2728 solum
977 2666 1106 2752 parent
1141 2665 1177 2728 et
1216 2651 1346 2728 aulicis
1378 2652 1575 2749 praesertim

348 2765 685 2862 accommodantur,
708 2795 790 2842 curn
817 2774 983 2868 reginam
1016 2772 1053 2843 d.
1088 2767 1292 2845 Catherr'na
1321 2765 1576 2841 Lusitanorum

348 2881 501 2981 primam
538 2883 663 2957 urbem
698 2886 964 2985 ingredientem
983 2889 1091 2982 (Nao
1121 2885 1325 2975 saniores,
1366 2883 1484 2981 1527),
1514 2895 1578 2955 aut

348 3001 444 3097 regis
457 3001 493 3072 d.
516 3000 673 3076 Manuel
686 3001 801 3076 filiam
821 3015 1072 3078 consecratam
1087 3001 1254 3100 (Templo
1266 3000 1428 3100 d’ApoIa
1453 2997 1573 3094 1526),

348 3127 411 3189 aut
426 3139 549 3214 regem
580 3107 697 3215 ipsum
734 3121 771 3194 d.
791 3121 890 3220 Jodo
915 3121 1059 3193 tertium
1080 3117 1269 3218 sponsalia
1292 3119 1575 3191 constituentem

348 3231 402 3324 (F
403 3257 514 3331 ragoa
546 3232 728 3328 d'Amor),
765 3234 922 3333 figurato
952 3247 989 3308 et
1008 3234 1094 3307 ficto
1113 3234 1223 3308 modo
1248 3232 1430 3306 celebrare
1449 3254 1578 3329 propo·

349 3349 459 3420 situm
493 3345 686 3423 habeant?
723 3351 772 3424 Ut
810 3376 921 3450 opera
957 3349 1058 3440 talia,
1097 3376 1177 3449 quae
1209 3347 1471 3422 machinatoris
1502 3371 1577 3420 non

350 3466 471 3537 minus
491 3449 602 3561 quarn
621 3478 738 3562 poetae
756 3480 868 3540 artem
889 3465 1109 3552 desiderant,
1147 3465 1290 3564 aliquas
1314 3462 1411 3562 apud
1446 3463 1576 3560 Hispa·

349 3603 417 3652 nos
446 3591 565 3676 partes
596 3579 758 3669 tulerint,
795 3581 889 3655 nihil
920 3581 968 3655 ad
1005 3582 1225 3656 comoediam
1257 3578 1513 3677 effingendam,
1545 3581 1577 3651 si

349 3718 471 3768 verum
486 3693 589 3768 lateri
606 3696 785 3791 volumus,
807 3698 1008 3788 valuerunt,
1037 3697 1101 3771 sed
1128 3701 1166 3770 in
1200 3695 1355 3770 scenicis
1379 3695 1452 3768 illis
1481 3693 1579 3768 ludis

349 3812 474 3908 magni
496 3816 671 3886 momenti
701 3813 843 3888 luerunt
863 3817 925 3912 qui
960 3839 982 3886 a
1014 3811 1239 3887 tabularibus
1265 3810 1425 3884 historiis
1445 3809 1579 3883 decora

349 3923 624 4026 blanditiasque
655 3942 865 4004 mutuantur
894 3942 930 4004 et
959 3931 1173 4029 «fiesras»
1204 3929 1476 4025 cognominatae
1501 3924 1578 3998 ieli-

349 4045 546 4133 cissimum,
567 4059 744 4142 regnante
759 4045 932 4144 Philippo
951 4057 1090 4144 quarto,
1110 4048 1247 4118 exitum
1268 4045 1455 4116 consecuti
1475 4055 1575 4116 sunt.

400 4157 578 4232 Dissimili
593 4175 722 4236 contra
733 4165 875 4237 ratione
891 4160 1028 4261 dialogi
1049 4161 1093 4234 de
1114 4162 1316 4234 Nativitate
1334 4157 1575 4232 existimandi

350 4283 447 4348 sunt.
473 4272 793 4360 praetermittamus
813 4277 932 4352 solum
957 4285 1105 4350 «arcto»
1127 4274 1228 4349 illum
1255 4305 1273 4344 «
1288 4273 1457 4374 pastori!
1464 4281 1577 4347 caste·

352 4389 487 4463 lizano»
521 4395 583 4490 qui
599 4403 781 4489 pastorum
801 4393 884 4492 joca
903 4406 939 4467 et
958 4392 1109 4466 facetias
1135 4393 1317 4492 johannis
1347 4392 1411 4464 del
1429 4388 1579 4464 Encina

351 4504 461 4579 modo
479 4505 607 4582 reterre
639 4513 728 4582 satis
765 4508 890 4584 habet.
913 4511 1006 4604 Quae
1037 4507 1148 4599 enim,
1184 4506 1270 4580 dum
1305 4506 1476 4581 ltalorum
1515 4519 1579 4579 aut

351 4620 539 4697 Gallorum
560 4649 742 4699 sacrarum
758 4639 795 4700 et
813 4626 1048 4724 figuratarum
1068 4623 1271 4698 fabularum
1292 4627 1432 4722 species
1451 4621 1579 4725 aliqua

351 4740 390 4810 in
411 4752 533 4813 mente
553 4741 699 4832 insidet,
730 4741 954 4850 devotissina
974 4739 1046 4814 fide
1081 4740 1153 4816 Gil
1194 4737 1339 4813 Vicente
1371 4742 1579 4838 composuit
