3475 5609
238 1263 329 1363 Lope
357 1263 459 1338 illum
492 1261 537 1338 de
579 1266 675 1366 Vega
705 1268 743 1338 in
782 1263 940 1362 legenda
960 1254 1151 1342 Celestina
1184 1271 1414 1345 immoratum

189 1402 268 1454 esse
302 1405 419 1480 eaque
443 1383 618 1455 nutritum
646 1407 725 1456 esse
751 1407 861 1479 opera
880 1381 959 1481 ejus
979 1383 1227 1458 diversissima
1248 1383 1424 1460 demonsn

188 1507 296 1569 trant.
315 1495 400 1570 Non
416 1499 526 1594 igitur
544 1521 635 1596 opus
645 1511 700 1571 est
716 1526 735 1566 «
749 1498 943 1571 Doroteam
958 1529 978 1570 »
999 1498 1146 1598 longius
1172 1525 1414 1577 memoremus
1430 1590 1433 1599 ¹

188 1636 272 1708 quae
287 1613 381 1685 inter
412 1611 523 1687 libros
553 1616 792 1688 suavissimos
812 1639 905 1711 quos
923 1641 1087 1715 unquam
1109 1615 1230 1692 soluto
1248 1619 1431 1691 sermonel.

185 1740 350 1800 auctores
370 1728 637 1826 Hispanienses
648 1727 840 1803 ediderunt
866 1730 1145 1807 annumeranda
1164 1741 1231 1821 est,
1255 1757 1414 1831 quaeque
1443 1735 1449 1744 ’

182 1842 310 1916 sedulo
342 1869 363 1917 e
398 1844 585 1919 Celestr'na
618 1844 899 1919 similitudinem
932 1846 1046 1921 ducit.
1083 1847 1163 1923 Nec
1196 1845 1299 1921 aliud
1327 1860 1414 1923 ante

182 1958 308 2033 oculos
343 1958 529 2057 exemplar
558 1961 651 2060 Lupe
688 1959 816 2034 habuit
850 1985 933 2034 cum
971 1962 1073 2036 illam
1107 1961 1230 2037 lenam
1250 1988 1336 2062 quae
1373 1962 1412 2036 in

180 2071 363 2148 comoedia
392 2075 487 2149 «El
500 2075 677 2149 caballero
703 2077 747 2149 de
768 2076 953 2150 olmedo»
973 2091 1136 2153 versatur
1150 2074 1311 2169 effinxit3
1343 2103 1412 2153 nec

180 2189 309 2264 eodem
348 2188 448 2264 lonte
481 2194 602 2266 minus
640 2192 701 2266 ille
736 2222 755 2261 «
789 2193 988 2268 Entremes
1018 2195 1063 2268 de
1091 2195 1127 2266 la
1161 2191 1369 2269 Hechizrra
1389 2223 1409 2264 s

180 2303 324 2411 effluere
344 2306 499 2381 videtur.
531 2307 687 2382 Lidom'o
706 2321 827 2382 autem
859 2311 896 2381 in
930 2309 1114 2384 comoedia
1134 2311 1173 2384 E
1176 2311 1192 2382 l
1205 2309 1326 2409 llegar
1349 2333 1410 2384 con

179 2420 320 2496 ocasr'on
340 2435 484 2497 enarrat
504 2449 543 2498 se
568 2438 607 2499 ut
634 2423 678 2497 iis
696 2423 803 2498 rebus
818 2449 911 2522 quas
936 2420 1131 2523 concupiat
1157 2428 1318 2524 potiatur
1332 2437 1409 2499 arte

180 2538 340 2638 quadam
369 2564 475 2615 usum
491 2565 671 2640 essequa
699 2539 847 2615 Calz'sto
864 2544 916 2615 uti
949 2539 1067 2616 soleat
1098 2553 1134 2615 et
1163 2538 1339 2616 auxilium
1361 2541 1409 2614 ab

179 2680 253 2730 anu
277 2653 439 2730 officiosa
467 2660 653 2754 petivisse.
675 2659 715 2730 ln
736 2685 754 2726 «
772 2655 1008 2732 Gatomachia
1024 2686 1044 2727 ›>
1073 2659 1185 2731 etiam
1205 2669 1242 2731 et
1279 2659 1318 2730 in
1352 2655 1410 2730 his
1533 2749 1540 2763 ι

177 2771 340 2846 versibus
360 2771 522 2846 ridiculis
537 2798 630 2872 quos
644 2770 759 2847 edidit
774 2774 978 2848 rarissimus
996 2771 1058 2847 ille
1078 2785 1218 2872 poeta«
1231 2773 1289 2846 El
1300 2770 1410 2868 fmix

176 2889 219 2962 de
239 2889 292 2962 los
312 2885 484 2990 ingenius
510 2889 699 2988 erpanoles
724 2917 742 2959 o
763 2887 883 2962 dictus
902 2888 1223 2987 deprehenduntur
1240 2887 1409 2988 quaedam

175 3015 297 3102 partes
312 3030 399 3103 quae
418 3007 458 3078 in
474 3016 634 3079 mentem
660 3003 887 3078 Celestinam
916 3016 980 3080 aut
1003 3003 1204 3078 Melibeam
1221 3015 1405 3078 revocent.

179 3119 326 3194 Referre
360 3132 481 3216 autem
516 3145 625 3218 quam
655 3119 732 3218 ejus
761 3119 930 3219 discipuli
957 3120 1054 3195 hanc
1088 3120 1407 3218 tragicomoediam

177 3239 310 3310 imitati
344 3241 420 3310 sint
448 3261 757 3334 supervacaneum
791 3236 945 3312 videtur.
982 3239 1022 3310 ln
1053 3239 1265 3311 memoriam
1304 3235 1407 3310 illum

179 3354 279 3426 «don
298 3353 407 3454 Juan
425 3381 445 3424 ›>
466 3378 635 3427 revocare
654 3355 743 3427 satis
755 3352 854 3427 erita
869 3351 1251 3427 MarchionedeMota
1266 3350 1406 3451 aliquid

11 3571 13 3582 Ι
116 3543 124 3560 ,
177 3454 453 3567 percontantem
481 3470 527 3544 de
546 3471 723 3543 matronis
748 3467 914 3567 hispanis
934 3495 1015 3569 qua
1034 3467 1183 3570 quidem
1211 3467 1407 3544 Celestinae

177 3587 332 3683 vestigia
347 3597 545 3683 sequantur
570 3587 638 3684 (ι).
667 3583 841 3658 Meretrix
861 3589 1013 3660 enimet
1048 3584 1132 3659 lena
1150 3609 1173 3658 a
1201 3582 1407 3659 Calderone

176 3713 318 3776 tanturn
347 3725 392 3774 ex
425 3699 481 3774 his
508 3699 641 3774 fabulis
670 3703 854 3798 praecipue
888 3704 963 3798 regi
985 3699 1158 3799 Philippo
1179 3701 1228 3774 lV
1257 3699 1408 3799 ejusque

175 3815 303 3892 aulicis
336 3815 478 3915 scriptis
499 3827 738 3908 amoventur;
771 3843 838 3890 nec
859 3830 984 3891 tamen
1011 3816 1087 3916 jure
1117 3815 1293 3891 affirmare
1324 3815 1407 3890 licet

173 3931 274 4008 illam
292 3934 337 4006 de
360 3929 508 4007 Calr'sto
530 3958 561 4031 y
586 3930 745 4006 Melz'bea
763 3932 1083 4030 tragicomoediam
1104 3930 1196 4005 nihil
1218 3936 1255 4006 in
1291 3934 1404 4031 ipsius

173 4061 293 4147 poetae
312 4047 456 4122 theatro
474 4043 607 4126 valere.

223 4164 357 4240 Merito
376 4162 486 4265 igitur
513 4162 734 4239 contendere
762 4162 889 4239 licebit
912 4187 1113 4256 «aureae»,
1136 4175 1176 4240 ut
1196 4167 1248 4239 ita
1266 4164 1403 4251 dicam,

176 4285 294 4358 etatis
307 4281 511 4357 comoedias
529 4280 682 4356 multum
698 4305 721 4355 a
739 4278 943 4382 dramatico
959 4280 1144 4356 Fernandi
1161 4284 1275 4355 nostri
1297 4305 1405 4378 opere

177 4409 362 4476 mutuatas
382 4425 473 4475 esse.
505 4397 707 4474 Nonnullae
726 4400 826 4474 enim
857 4421 1025 4498 personae
1059 4402 1152 4497 quas
1174 4397 1286 4500 vulgo
1309 4396 1404 4498 Lope

187 4661 189 4664 ’
207 4661 244 4736 (l)
258 4668 292 4723 Ci
303 4667 376 4722 Tim
388 4668 420 4721 dr
434 4665 619 4720 mittarelli
629 4665 752 4718 turtador
762 4666 794 4717 de
806 4664 935 4719 sarua».
