3475 5609
695 592 850 659 -3,-

199 738 345 833 Quibus
370 740 503 816 auxilis
534 740 580 814 ad
608 739 835 815 Celestinam
865 742 1160 841 componendam
1181 745 1378 819 Fernando

146 858 190 929 de
208 855 322 957 Rojas
342 882 428 931 usus
447 858 527 931 est?
552 858 605 931 Ex
632 856 797 948 confuso,
829 871 867 933 ut
889 863 939 932 ita
954 858 1089 950 dicam,
1109 884 1238 934 acervo
1258 886 1390 957 rerum¹
1469 931 1474 939 .

146 972 378 1071 antiquarum
418 998 510 1072 quas
535 972 692 1071 legendo
721 984 756 1046 et
777 973 960 1049 studendo
994 974 1210 1049 condiderat
1231 974 1373 1053 haurire

145 1101 302 1187 poterat.
326 1089 544 1189 Jamdudum
574 1088 627 1163 illi
650 1095 712 1189 qui
735 1094 772 1161 in
803 1092 985 1189 Hispania
1004 1117 1115 1190 parvo
1148 1092 1371 1168 eruditorum

145 1210 184 1279 in
216 1231 367 1279 numero
400 1204 680 1302 reponebantur,
713 1232 778 1281 seu
817 1206 1027 1309 theologiae,
1051 1234 1115 1282 seu
1147 1208 1235 1306 juris
1263 1210 1368 1307 periti

143 1333 259 1410 erant,
285 1320 410 1394 omnia
431 1347 516 1420 quae
533 1318 749 1395 didicissent
769 1336 953 1397 ostentare
972 1322 1154 1397 solebant.
1171 1324 1369 1418 Quaecum-

144 1462 215 1537 que
232 1438 348 1511 Dares
365 1436 557 1535 Phrygius
570 1439 699 1537 Dictys
716 1439 903 1513 Cretensis
913 1454 975 1514 aut
991 1439 1174 1515 Galterius
1184 1441 1368 1515 Castillio·

143 1557 270 1627 nensis
282 1568 542 1650 congesserant
556 1558 593 1625 in
611 1552 721 1627 libros
733 1579 820 1627 suos
835 1556 1023 1653 deportare
1040 1582 1115 1630 non
1131 1554 1363 1648 dubitabant,

143 1697 210 1743 nec
244 1674 406 1769 antiquis
451 1669 611 1744 moribus
650 1671 931 1745 christianorum
967 1697 1083 1745 mores
1123 1672 1311 1747 incondite
1330 1686 1366 1747 et

142 1789 424 1885 incongruenter
444 1789 607 1859 miscere.
633 1785 829 1859 Alexandri
850 1813 981 1884 poema
1005 1787 1103 1887 quod
1132 1775 1385 1891 Segurasub

140 1900 213 1974 fine
244 1905 338 1975 tertii
359 1901 490 1973 decimi
507 1900 633 1975 saeculi
663 1900 806 1999 scripsit
829 1902 918 1974 nihil
939 1917 993 1976 est
1023 1906 1093 1976 nisi
1119 1902 1360 1977 amentissimi

140 2016 306 2090 Annales
342 2016 377 2088 in
406 2015 540 2115 quibus
570 2016 759 2091 Vulcanus
798 2015 1161 2115 Hierosolymitarum
1191 2022 1384 2123 episcopo¹

138 2132 293 2205 occurrit
305 2145 340 2207 et
356 2134 498 2207 Oceani
511 2131 606 2206 ladis
622 2133 784 2206 Domina
795 2132 1156 2232 Philosophia.Talis
1171 2131 1363 2232 larraginis

139 2273 240 2321 amor
259 2273 322 2345 per
335 2247 567 2321 millesimum
588 2248 989 2347 quadringentesimum
1017 2248 1194 2323 saeculum
1209 2262 1383 2347 augetur¹

138 2378 173 2438 et
201 2388 264 2461 per
284 2362 515 2437 millesimum
546 2367 883 2463 quingentesimum
903 2365 1150 2441 vehementior
1167 2364 1228 2455 lit;
1252 2390 1361 2462 quem

138 2484 306 2553 invenias
335 2483 373 2553 in
400 2480 522 2578 lyricis
552 2480 738 2580 epicisque
771 2480 1001 2578 poematibus
1031 2506 1051 2554 e
1084 2480 1218 2579 quibus
1237 2480 1361 2577 hispa-

137 2594 275 2692 niensis
317 2626 335 2665 «
357 2596 605 2671 Romancero»
651 2611 815 2686 constat,
868 2599 935 2671 ne'c
981 2623 1055 2671 non
1107 2610 1143 2670 et
1180 2600 1218 2669 in
1260 2588 1380 2669 libris

136 2714 358 2811 equestrium
379 2711 528 2787 heroum
544 2713 650 2787 lactis
670 2712 804 2786 deditis
819 2712 936 2787 solute
956 2726 990 2786 et
1008 2711 1158 2786 licenter
1170 2711 1360 2785 florentem

135 2840 172 2901 et
191 2832 389 2926 vigentem.
409 2826 470 2901 Nil
492 2852 579 2925 ergo
608 2832 736 2901 mirum
765 2834 795 2901 si
818 2829 1012 2902 Fernando
1029 2830 1073 2901 de
1091 2827 1207 2927 Rojas
1237 2852 1360 2913 aequa·

135 2943 223 3017 lium
244 2942 366 3017 studio
385 2946 504 3031 cessit,
528 2968 609 3017 cum
631 2947 831 3043 praesertim
864 2942 1122 3017 nonnullarum
1153 2945 1358 3039 imaginum

134 3056 295 3133 licentiae
347 3062 579 3156 antiquorum
637 3058 936 3157 philosophorum
991 3062 1244 3132 auctoritatem
1305 3069 1359 3131 tot

135 3177 331 3272 praeceptis
350 3188 386 3245 et
406 3177 632 3271 argumentis
650 3174 877 3272 praetendere
897 3174 1087 3247 videretur.
1293 3255 1295 3258 ¹

181 3290 267 3363 Non
293 3287 510 3363 eruditionis
550 3288 669 3364 solum
706 3304 741 3363 et
780 3290 959 3365 doctrinae
993 3289 1181 3363 materiam
1215 3291 1378 3387 antiqui,

130 3402 429 3503 suppeditabant,
473 3396 753 3479 verum'etiam
793 3404 1016 3503 exemplaria
1051 3419 1088 3478 et
1113 3404 1378 3503 componendi

129 3546 268 3618 genera
288 3547 373 3619 quae
401 3521 548 3620 quidem
583 3538 757 3596 renovata
777 3535 875 3615 sunt,
896 3550 969 3597 non
995 3527 1046 3595 ita
1061 3533 1185 3595 tamen
1205 3534 1244 3594 ut
1265 3518 1356 3592 nihil
1375 3610 1377 3621 Ι

130 3639 340 3710 imitatione
366 3636 641 3735 exprimendum
662 3638 898 3735 praebuerint.
928 3638 1127 3737 Nunquam
1147 3662 1236 3710 sane
1272 3636 1357 3708 doc-

17 3848 18 3851 *
130 3765 249 3826 torum
270 3751 393 3825 studio
411 3766 496 3849 apta
529 3770 564 3825 et
583 3753 777 3827 theatralia
798 3780 909 3852 opera
929 3757 969 3825 in
1002 3749 1183 3851 Hispania
1213 3750 1356 3849 plebem

128 3867 401 3947 delectaverunt
421 3902 428 3959 ;
449 3895 591 3967 semper
619 3896 705 3943 vero
726 3870 890 3967 legentes
910 3895 1047 3968 paucos
1076 3881 1244 3943 assecuta
1257 3884 1354 3940 sunt.

129 3982 391 4073 Escorialensi,
429 3984 585 4082 exempli
615 4011 737 4075 causa,
759 3990 796 4058 in
826 3984 1049 4062 bibliotheca
1083 3988 1274 4058 inventum
1303 3994 1358 4055 est

127 4104 302 4199 scriptum
328 4099 513 4198 quoddam
536 4099 706 4175 volumen
740 4114 775 4175 et
814 4106 911 4175 circa
946 4100 1176 4202 Johannisll
1215 4112 1358 4197 tempus

128 4219 370 4313 compositum
403 4220 531 4315 inquo
552 4217 676 4291 decem
707 4216 863 4292 Senecae
897 4216 1090 4315 tragoediae
1124 4216 1281 4290 elatino
1319 4214 1387 4343 in¹

129 4330 314 4428 vulgarem
360 4358 564 4408 sermonem
602 4334 792 4409 translatae
837 4348 934 4407 sunt.
978 4332 1170 4414 Nonnulla
1208 4356 1355 4430 quoque

129 4446 289 4543 ejusdem
314 4463 432 4545 poetae
460 4464 628 4546 excerpta
643 4455 679 4521 in
697 4449 842 4546 publica
857 4470 892 4521 et
904 4448 1118 4522 Madrilensi
1133 4447 1356 4521 bibliotheca

129 4580 318 4637 servantur
338 4569 348 4647 l
361 4570 407 4656 ι).
432 4567 508 4639 Nec
532 4565 668 4638 minore
690 4566 810 4639 studio
830 4570 1003 4663 antiquas
1028 4564 1232 4637 comoedias
1267 4574 1355 4635 tunc

130 4750 195 4876 Mo)
212 4748 277 4800 Haec
293 4752 325 4800 D.
343 4752 449 4800 ldcrnnal
464 4754 558 4802 Cuncta
576 4751 669 4817 primus
685 4750 836 4815 designavit.
853 4750 893 4803 Cf.
911 4750 1007 4801 Teatro
1021 4750 1136 4815 Espanol
1153 4749 1195 4799 del
1213 4748 1356 4814 Sigloxvrq
1373 4792 1377 4797 .

158 4828 238 4889 adrid,
256 4832 326 4895 1885.
1270 4868 1273 4872 .
