3475 5609
22 1 328 366 Γ

22 369 24 416 l

674 563 770 634 ..¹81
793 603 834 619 .-

131 731 298 832 denique
319 759 393 807 non
415 732 523 807 nobis
549 732 719 806 concedit
738 745 777 806 ut
798 755 866 804 nos
888 729 1086 806 Celestz'noe
1116 745 1301 831 praecepta
1329 746 1365 807 et

132 846 360 923 documenta
375 857 606 948 praetereant.
632 875 650 917 <r
676 849 710 923 O
739 871 851 936 amor,
876 845 1058 922 exclamat
1087 849 1148 924 ille
1167 865 1254 923 ante
1276 848 1391 922 filiae·

130 969 350 1040 exanimum
382 989 524 1064 corpus,
558 965 681 1055 Amor,
711 977 906 1062 postquam
931 987 994 1062 per
1026 965 1167 1040 medias
1196 966 1363 1039 ardorum

130 1095 281 1155 tuorum
306 1081 475 1156 flammas
495 1105 553 1152 rne
577 1083 692 1178 erupi,
714 1078 946 1153 confidebam
963 1078 1106 1178 laqueis
1121 1108 1179 1156 me
1199 1087 1271 1156 tuis
1289 1080 1362 1180 jam

128 1196 300 1298 elapsum
321 1221 444 1272 esse...
476 1195 559 1268 Non
576 1195 752 1294 putabam
771 1209 806 1270 te
833 1207 1024 1293 parentum
1044 1195 1182 1272 delicta
1203 1201 1361 1296 ipsorum

127 1316 337 1410 posteritati
354 1317 658 1411 imputaturum...
678 1312 812 1386 Nescio
828 1323 947 1385 utrum
967 1309 1059 1386 lerro
1079 1311 1187 1387 ferias
1207 1339 1255 1386 an
1276 1317 1362 1412 igne

127 1427 371 1504 comburas...
394 1445 431 1502 at
451 1429 561 1503 corda
581 1428 786 1504 mortalium
814 1431 852 1500 in
878 1427 1011 1525 penitis
1037 1442 1224 1527 pectorum
1253 1455 1362 1528 pene·

130 1543 273 1618 talibus
295 1543 509 1623 lancinas...
541 1543 660 1638 Quem
689 1544 800 1618 linem
822 1543 945 1641 adepti
976 1557 1062 1618 sunt
1094 1543 1263 1643 discipuli
1292 1551 1358 1634 tui,

129 1683 243 1758 quem
261 1663 420 1758 ipsorum
442 1664 597 1734 ministri
618 1661 635 1732 ‘l
653 1659 753 1732 Lena
767 1658 831 1732 illa
847 1657 941 1734 lalsa
971 1673 1008 1733 et
1027 1659 1211 1759 decrepita
1230 1660 1363 1736 fidelis

128 1779 309 1850 simorum
323 1801 469 1851 suorum
489 1775 668 1850 sodalium
689 1773 899 1850 vulneribus
915 1790 1057 1852 mortua
1077 1790 1132 1852 est
1152 1780 1215 1876 qui
1236 1789 1363 1875 postea

128 1891 318 1966 carnificis
334 1893 505 1966 manibus
526 1895 722 1990 perierunt,
741 1889 890 1966 Calr‘sto
913 1918 1061 1993 quoque
1089 1918 1177 1967 casu
1212 1893 1358 1986 interiit,

128 2010 416 2107 tristissimaque
446 2021 483 2081 et
513 2005 869 2108 infelicissimalfilia
890 2032 971 2084 mea
1003 2013 1084 2107 ipsa
1109 2008 1181 2082 sibi
1209 2023 1361 2084 mortem

128 2125 312 2196 conscivit
341 2135 379 2196 ut
418 2121 519 2197 illum
548 2135 783 2221 sequeretur..
817 2121 983 2216 Quorum
1018 2127 1184 2198 omnium
1204 2123 1304 2199 solus
1323 2137 1363 2198 tu

129 2261 247 2312 causa
286 2264 325 2312 es
358 2252 395 2314 et
424 2252 544 2328 caput.
587 2238 703 2313 Dulce
741 2236 806 2311 tibi
841 2238 1060 2314 vocabulum
1097 2243 1357 2338 imposuerunt,

128 2378 256 2426 amara
283 2367 367 2428 sunt
386 2353 482 2428 lacta
511 2368 616 2428 tua...
641 2355 760 2428 Deum
777 2367 812 2427 te
832 2354 1019 2453 appellant
1039 2353 1115 2442 alii,
1141 2358 1266 2430 nescio
1288 2382 1362 2455 quo

132 2493 253 2543 errore
273 2470 441 2544 sensibus
456 2475 531 2545 suis
550 2486 626 2544 turn
646 2470 792 2568 spoliati
836 2505 841 2543 :
880 2470 965 2545 vide
984 2475 1067 2571 quis
1087 2469 1148 2545 ille
1169 2473 1270 2546 Deus
1285 2497 1361 2571 per·

132 2584 252 2660 hiberi
290 2585 411 2660 valeat
442 2585 502 2686 qui
523 2595 615 2686 quos
630 2586 800 2660 educavit
831 2585 985 2661 occidit!
1021 2617 1041 2658 »
1072 2587 1104 2660 Α
1133 2613 1207 2686 quo
1230 2587 1361 2662 melius

131 2703 248 2775 Amor
274 2701 436 2777 accusari
464 2714 587 2799 posset
616 2728 726 2801 quam
755 2716 898 2802 apatre
931 2701 995 2776 illo
1019 2707 1229 2796 excruciato
1253 2717 1299 2792 et,
1323 2717 1362 2777 ut

130 2815 341 2891 novissimis
361 2816 559 2892 Celestinae
577 2817 695 2892 verbis
709 2831 803 2907 utar,
837 2847 855 2886 «
873 2823 995 2892 omnis
1010 2819 1129 2893 solatii
1150 2831 1293 2893 exsorte
1320 2822 1358 2891 in

130 2947 308 3030 perpetua
320 2933 397 3006 bac
418 2959 659 3010 aerumnarum
672 2935 767 3009 valle
789 2965 807 3003 »
829 2935 845 3006 l

182 3048 265 3122 Tali
305 3054 542 3124 excusatione
570 3052 764 3124 Fernando
796 3051 840 3122 de
869 3047 984 3149 Rojas
1016 3075 1102 3124 usus
1135 3063 1190 3124 est
1218 3065 1256 3124 ut
1285 3050 1359 3124 illis

131 3163 359 3239 satislaceret
379 3169 441 3265 qui
463 3165 702 3240 obscenitatis
721 3164 1058 3264 Tragicomoediam
1071 3190 1176 3240 suam
1190 3169 1362 3241 condem·

130 3280 287 3358 nabant.
311 3281 396 3354 Non
411 3285 510 3355 enim
533 3281 711 3355 libertatis
735 3280 883 3372 modum
900 3284 1056 3356 excessit
1083 3283 1155 3354 nisi
1189 3296 1228 3356 ut
1253 3284 1361 3356 veris·

47 3481 50 3488 (
131 3399 236 3468 simis
268 3395 495 3493 imaginibus
528 3395 640 3470 animi
674 3421 810 3471 errores
848 3409 1079 3495 extorqueret
1115 3410 1152 3470 et
1184 3398 1361 3471 lubricam

131 3509 304 3584 fiduciam
324 3525 519 3586 excuteret.
538 3512 630 3607 Quae
651 3511 816 3587 delensio
830 3512 1067 3610 scriptoribus
1087 3537 1229 3610 semper
1238 3538 1361 3587 occur·

132 3631 178 3701 rit
209 3625 382 3702 omnibus
412 3631 474 3727 qui
508 3632 634 3702 omnia
670 3627 838 3718 dicenda,
873 3631 1041 3727 quamvis
1072 3632 1192 3726 turpia
1221 3634 1295 3703 sint
1326 3641 1363 3703 et

134 3748 287 3841 impura,
312 3742 382 3818 sibi
404 3743 626 3841 permittunt.
653 3743 819 3817 Forsitan
842 3743 946 3817 multi
967 3743 1105 3835 dicant,
1143 3770 1211 3819 nec
1240 3749 1363 3817 iinme-

137 3862 215 3945 rit0,
243 3871 411 3934 nontam
441 3864 478 3932 in
499 3859 634 3932 talibus
654 3858 755 3933 libris
788 3873 1006 3957 praeceptum
1031 3858 1168 3934 bonum
1191 3886 1363 3959 apparere

132 4001 244 4075 quam
277 3975 446 4073 exempla
469 4001 580 4075 prava
605 3987 641 4048 et
670 3975 794 4049 noxia.
832 3973 972 4048 Maline
1009 3974 1148 4066 famuli,
1180 3980 1363 4074 castigato

135 4091 370 4190 Sempronio,
391 4117 552 4190 unquam
571 4091 777 4165 defecerunt
800 4093 813 4162 l
834 4089 934 4183 Quid
957 4089 1104 4162 demum
1130 4117 1198 4165 nos
1218 4089 1364 4167 Calz'sto

133 4206 297 4282 docuerit
313 4212 383 4282 nisi
406 4219 572 4281 amantes
591 4206 740 4303 juvenes
758 4204 860 4280 latali
883 4208 1009 4278 nescio
1029 4232 1103 4304 qua
1124 4211 1157 4280 vi
1178 4221 1215 4280 et
1233 4211 1362 4281 immu-

132 4323 236 4396 tabili
257 4323 351 4434 volvi
369 4324 619 4396 necessitate?
640 4321 832 4398 Celesn'na
851 4326 1065 4418 ceteroquin
1092 4348 1240 4397 omnem
1263 4347 1362 4396 vere—

134 4438 307 4512 cundiam
322 4438 489 4514 effundit.
517 4437 638 4532 Quam
654 4464 713 4529 ne,
737 4437 830 4511 sicut
849 4435 959 4534 Alejo
979 4441 1024 4510 de
1054 4439 1226 4538 Venegas,
1246 4467 1265 4508 <r
1285 4465 1362 4512 non

137 4553 373 4648 Celestinam,
393 4581 453 4628 sec
470 4553 707 4657 Scelestinam
724 4585 742 4626 »
764 4580 903 4644 vocem,
928 4568 1001 4643 aut,
1025 4557 1119 4629 sicut
1138 4555 1235 4630 Luis
1252 4554 1362 4629 Vives

138 4699 159 4740 <r
175 4671 420 4769 nequitiarum
440 4681 625 4767 parentem
640 4684 676 4743 et
697 4695 878 4762 carcerem
895 4694 1058 4744 amorum
1072 4701 1105 4762 s,
1125 4696 1200 4744 non
1213 4696 1362 4770 possum
1440 4639 1481 4669 l'
1537 4700 1542 4707 ·

54 4795 58 4810 '
138 4811 215 4859 non
235 4790 355 4861 minus
371 4810 482 4884 quam
502 4789 704 4860 Cernentes
717 4784 975 4884 reprehendere
994 4785 1094 4883 quod
1107 4786 1256 4886 pudoris
1270 4787 1363 4861 fines

137 4905 323 4979 transierit
340 4938 348 4979 :
1109 4937 1129 4995 ς
