3475 5609
868 534 1028 612 -48-

340 697 471 771 docere
491 696 637 793 possit?
660 693 758 788 Quia
790 698 888 797 enim
913 694 1076 792 cupidini
1097 710 1133 769 et
1153 696 1267 769 dolori
1283 723 1350 771 suo
1375 702 1412 770 in
1434 724 1566 773 somno

340 817 451 887 etiam
472 816 644 886 inservire
673 837 746 883 non
776 810 919 899 desinit,
957 812 1069 885 semel
1099 828 1241 887 tantum
1271 818 1386 887 visam
1407 814 1564 889 infinitis

338 928 533 1003 Melibeam
573 925 743 1000 laudibus
776 926 1018 1025 prosequitur,
1054 955 1121 1001 nec
1150 929 1348 1004 Celestinae
1382 930 1560 1029 loquendi

338 1046 547 1120 facultatem
561 1044 646 1119 facit
665 1077 672 1133 ;
691 1042 785 1116 adeo
816 1048 944 1117 omnia
973 1044 1146 1119 audiendi
1172 1041 1300 1117 avidus
1324 1062 1362 1117 ut
1383 1073 1429 1118 ne
1445 1051 1562 1143 prima

336 1162 485 1264 quidem
506 1159 615 1234 verba
629 1158 871 1233 continuandi
889 1185 1027 1232 moram
1047 1160 1198 1234 tolerare
1214 1161 1347 1233 valeat.
1367 1163 1419 1235 Ea
1435 1178 1558 1235 tamen

335 1306 419 1379 quae
440 1277 523 1350 lena
539 1276 584 1349 de
602 1301 668 1349 suo
688 1301 769 1347 curn
793 1275 907 1352 Alisae
938 1275 1013 1358 filia
1047 1276 1232 1373 colloquio
1258 1276 1386 1371 referre
1406 1292 1560 1350 conatur

334 1394 611 1468 immoderatam
631 1396 664 1463 ei
685 1416 785 1487 spem
805 1403 840 1463 et
856 1406 1025 1463 terrorem
1045 1396 1206 1465 vicissim
1225 1393 1404 1491 injiciunt.
1424 1394 1558 1500 Amqre

332 1510 599 1607 enimagitatus
612 1533 679 1579 nec
701 1507 809 1579 bonis
824 1506 970 1579 credere
991 1512 1131 1581 nuntiis
1147 1507 1256 1581 audet
1278 1535 1345 1581 nec
1360 1508 1466 1581 malis
1480 1509 1556 1583 vult

331 1650 510 1701 summam
527 1622 701 1699 adbibere
722 1621 844 1695 fidem.
867 1622 1021 1696 Modum
1043 1649 1144 1711 sane,
1167 1622 1412 1721 Hispanorum
1442 1651 1551 1711 more,

331 1741 478 1818 Calr‘sto
490 1739 645 1830 excedit,
670 1742 811 1812 nonita
834 1750 959 1811 tamen
980 1755 1019 1813 ut
1039 1765 1119 1812 vere
1141 1745 1344 1828 amantium
1370 1739 1557 1836 exemplar

330 1857 454 1932 haberi
476 1883 551 1929 non
568 1858 681 1952 possit
701 1854 762 1952 qui
777 1852 903 1927 ardore
925 1852 1124 1952 flagrantes
1144 1855 1394 1954 hispaniensia
1409 1859 1555 1929 somnia

328 1976 511 2047 somniare
531 1995 672 2067 semper
691 1967 780 2042 dicti
801 1983 887 2043 sunt
906 1986 942 2041 et
957 1971 1136 2043 dicentur.

377 2091 541 2185 Quorum
569 2111 717 2185 quoque
743 2083 969 2157 simillimam
988 2090 1187 2183 imaginem
1211 2113 1286 2185 prae
1310 2113 1349 2161 se
1367 2086 1447 2177 fert,
1466 2086 1552 2160 dum
1626 2080 1630 2087 ’

326 2209 452 2280 omnia
480 2202 694 2299 indignatur
726 2226 812 2298 quae
846 2200 1014 2297 cupidini
1044 2228 1121 2277 suae
1160 2228 1272 2277 morae
1320 2217 1405 2276 sunt
1441 2216 1553 2299 atque

284 2379 286 2383 v
324 2320 599 2419 impedimento.
638 2318 852 2414 Postquam.
895 2316 1084 2390 interfecta
1132 2318 1331 2407 Celestina,
1369 2316 1551 2391 carnificis

323 2435 494 2509 manibus
515 2431 731 2531 Sempronio
749 2450 783 2504 et
803 2434 986 2505 Parmeno
1008 2437 1202 2530 perierunt,
1241 2434 1416 2531 bonorem
1442 2458 1549 2507 suum

324 2551 465 2629 Calz'sto
503 2562 539 2622 et
570 2573 730 2621 amorem
765 2547 895 2621 laesum
930 2574 1011 2621 esse
1047 2550 1146 2622 dolet
1176 2564 1215 2624 ut
1241 2555 1303 2649 qui
1332 2550 1549 2624 famulorum

319 2670 440 2769 poenis
459 2666 604 2768 aliquid
627 2666 767 2740 decoris
786 2664 857 2739 sibi
878 2666 1044 2740 avulsum
1063 2694 1143 2741 esse
1162 2673 1298 2742 sentiat
1327 2681 1364 2742 et
1393 2668 1547 2741 aliorum

321 2787 523 2861 ministerio
552 2795 660 2881 egeat
693 2786 755 2880 qui
792 2783 838 2854 ad
867 2782 1068 2857 Melibeam
1111 2784 1310 2857 faciliorem
1354 2784 1545 2881 praebeant

318 2901 426 2999 viam.
451 2902 584 2998 Parum
606 2923 690 2971 vero
711 2895 808 2995 apud
834 2897 1004 2995 juvenem
1036 2903 1073 2970 in
1104 2898 1295 2973 libidinem
1314 2899 1468 2974 effusum
1488 2897 1545 2971 vel

315 3018 505 3117 justissimi
538 3014 697 3112 scrupuli
726 3029 760 3088 et
789 3012 1005 3088 delictorum
1034 3020 1262 3090 conscientia
1283 3015 1421 3089 valent.
1456 3015 1546 3091 Mox

320 3132 549 3227 Celestinam
569 3130 668 3204 haud
689 3134 872 3203 immerito
907 3135 1066 3203 occisam
1094 3156 1173 3203 esse
1194 3130 1343 3205 Calr'sto
1360 3135 1545 3205 existimat

316 3276 384 3324 nec
403 3254 536 3325 suimet
556 3253 633 3345 ipse
658 3271 798 3318 mernor
821 3250 959 3345 estqui
981 3246 1113 3321 verulae
1133 3248 1311 3321 auxilium
1336 3247 1383 3321 ad
1409 3251 1542 3320 vitian-

314 3368 399 3440 dam
420 3363 581 3464 puellam
598 3388 780 3437 arcessere
794 3389 869 3462 non
886 3362 1079 3437 dubitavit.
1104 3363 1204 3436 Nihil
1225 3364 1298 3461 jam
1325 3367 1358 3437 ei
1374 3388 1472 3458 curae
1487 3376 1543 3437 est

314 3486 385 3556 nisi
401 3507 475 3581 quo
491 3492 617 3579 postea
639 3478 748 3551 modo
765 3478 886 3551 Sosiae
900 3493 936 3567 et
951 3480 1113 3555 Tristani
1131 3480 1373 3553 Parmenonis
1384 3494 1419 3553 et
1436 3479 1540 3554 Sem·

313 3602 432 3697 pronii
448 3597 569 3670 locum
587 3593 739 3692 daturus
753 3598 799 3666 sit
810 3608 848 3667 ut
861 3599 1079 3667 securiorem
1094 3610 1339 3694 consequatur
1354 3594 1536 3696 lossllliam»

315 3714 460 3788 Frustra
490 3715 523 3785 ei
553 3709 753 3785 Melibeam
774 3710 922 3783 nefariis
951 3711 1091 3783 artibus
1119 3727 1319 3808 stupratam
1339 3711 1514 3810 objiceres
1528 3743 1536 3801 ;

312 3829 413 3928 cujus
433 3827 577 3902 deliciis
597 3851 680 3900 cum
695 3826 824 3900 fruitus
844 3830 901 3915 sit,
924 3850 1049 3899 nonne
1063 3852 1145 3899 eum
1162 3830 1264 3923 Deus
1284 3811 1363 3927 ipse
1376 3831 1540 3899 maximo

312 3945 376 4020 illo
405 3945 557 4049 donavit
577 3944 766 4042 praemio?
799 3942 885 4036 Quo
910 3956 1069 4045 ceterum
1095 3943 1184 4041 quid
1219 3969 1343 4017 amore
1372 3969 1438 4017 suo
1462 3968 1538 4016 non

310 4062 430 4171 solqrq
448 4064 655 4177 pretiosius,
685 4057 749 4135 sed
783 4062 895 4134 etiam
927 4063 1090 4133 sanctius
1123 4061 1331 4135 inveniret?
1361 4059 1539 4157 Captiosa

309 4179 421 4277 igitur
439 4176 592 4250 adhibet
622 4188 841 4273 argumenta
861 4190 900 4249 ut
915 4200 1061 4248 omnem
1099 4180 1259 4269 excutiat
1289 4177 1473 4274 tristitiam
1502 4188 1538 4247 et

308 4293 472 4401 cupidini
488 4296 593 4395 quasi
613 4291 680 4367 soli
702 4305 737 4367 et
757 4291 867 4367 unico
887 4291 1006 4377 officio
1022 4292 1236 4370 satisfaciat.
1262 4291 1361 4387 Quid
1382 4289 1534 4364 multa?

308 4412 402 4485 Cum
421 4398 508 4515 llaef
523 4422 609 4484 ante
629 4432 767 4483 annum
789 4407 1026 4484 millesimum
1043 4412 1379 4509 quingentesimum
1399 4410 1534 4505 scripta

307 4530 392 4617 sint,
429 4550 553 4604 nonne
585 4538 622 4600 te
654 4550 699 4599 ea
730 4524 776 4599 ad
812 4550 987 4623 magnam
1019 4524 1215 4618 traducunt
1253 4524 1533 4600 admirationem

307 4647 443 4751 qpippe
459 4668 545 4742 quae
565 4667 640 4741 qua
661 4646 700 4715 in
715 4643 878 4715 amando
897 4646 1039 4715 ratione
1062 4666 1102 4713 se
1118 4640 1268 4740 juvenes
1285 4650 1453 4747 gererent
1466 4663 1535 4744 qec

307 4758 429 4857 verius
443 4771 524 4867 turp
535 4784 605 4865 nep
619 4762 763 4863 acptius
781 4757 981 4862 apprimere
994 4757 1189 4863 valerent?
