3475 5609
145 687 268 762 «Non
283 687 455 786 religiosa
468 701 577 776 veste,
599 691 650 764 ait
681 687 813 777 Febea,
838 686 892 778 illi
922 709 1050 760 omnes
1079 681 1280 756 induuntur
1307 705 1370 780 qur

144 798 280 878 coelum
308 817 591 904 consequuntur.
619 835 637 875 »
669 803 832 905 Justz'no
858 828 934 876 non
961 801 1008 873 ab
1035 825 1080 874 ea
1108 797 1279 872 dissentit
1307 801 1369 895 qui

145 919 267 995 nullos
294 925 465 996 eremitas
484 935 631 995 sanctos
656 947 734 994 esse
764 919 918 992 affirmat
940 922 1011 990 nisi
1034 941 1140 989 senes
1174 939 1266 1013 quos
1285 925 1372 986 aetas

141 1035 241 1110 vitiis
269 1035 452 1112 inhabiles
478 1037 613 1111 lecerit.
634 1039 685 1134 (r)
718 1036 819 1132 Quin
847 1039 921 1108 imo
955 1032 1093 1107 nullam
1118 1035 1156 1102 in
1186 1028 1372 1111 Celestina

142 1167 281 1250 partem
308 1157 477 1228 invenias
497 1154 534 1228 in
559 1179 633 1253 qua
662 1154 857 1226 Fernando
875 1154 919 1225 de
938 1149 1053 1250 Rojas
1079 1146 1370 1222 Christianorum

141 1272 257 1344 sacris
288 1268 474 1344 labrilosas
510 1283 546 1344 ct
579 1270 750 1368 profanas
783 1294 839 1342 res
871 1267 1006 1366 majore
1038 1267 1190 1337 misceat
1223 1261 1372 1337 licentia

141 1409 253 1482 quam
267 1384 377 1485 Juan
393 1388 469 1483 ipse
483 1385 544 1459 del
561 1387 598 1459 E
598 1384 719 1460 ncina.
742 1384 838 1458 Vide
854 1386 953 1457 enim
971 1406 1045 1481 quo
1062 1378 1222 1454 Placido
1246 1376 1367 1466 modo,

141 1525 225 1572 curn
262 1501 430 1576 Mercurii
466 1501 751 1577 incantamentis
780 1499 828 1574 ab
857 1499 982 1574 inieris
1012 1508 1208 1582 revocatur,
1245 1493 1372 1569 oculos

141 1618 271 1690 iterum
291 1620 442 1715 aperiat.
467 1621 600 1693 Nonne
625 1643 670 1694 ea
688 1633 834 1716 repente
855 1618 980 1693 Lazari
1005 1617 1217 1687 memoriam
1232 1615 1270 1685 in
1291 1613 1370 1684 ani·

140 1755 241 1808 mum
274 1744 375 1807 tuum
414 1733 581 1808 reducit?
615 1736 707 1829 Quae
745 1733 930 1809 Catholici
967 1731 1199 1805 sanctissima
1232 1726 1370 1801 habent

138 1873 222 1920 cum
244 1867 472 1946 paganorum
489 1850 650 1925 moribus
676 1855 728 1925 ita
755 1854 793 1924 in
812 1850 942 1924 eadem
960 1847 1123 1947 Ecgloga
1144 1842 1370 1918 familiariter

137 1961 340 2062 junguntur
350 1978 388 2040 ut
404 1966 524 2040 nullas
536 1991 658 2040 eorum
679 1965 848 2064 religioni
862 1964 1085 2037 inimiciores
1094 1985 1202 2036 voces
1214 1961 1367 2056 reperire

140 2084 259 2176 possis
278 2108 388 2180 quam
403 2083 645 2180 «vigiliam»
662 2081 763 2156 illam
784 2107 864 2182 quae
884 2084 964 2154 sine
979 2078 1091 2152 dubio
1107 2073 1365 2175 lnquisitorum

142 2198 231 2268 iram
257 2207 294 2270 et
321 2199 605 2296 prohibitionem
621 2203 659 2271 in
679 2212 794 2272 totum
810 2197 998 2295 dialogum
1024 2189 1238 2269 concitavit.
1262 2185 1364 2284 Quid

144 2313 241 2384 enirn
262 2317 381 2412 magis
407 2319 536 2388 mirum
556 2327 664 2388 estet
688 2313 868 2412 religiosis
888 2314 1022 2385 animis
1042 2309 1231 2383 molestius
1250 2328 1362 2404 quam

144 2456 162 2492 s
181 2428 466 2504 lnvitatorium»
489 2429 577 2504 illud
598 2444 633 2504 et
652 2431 782 2526 psalmi
803 2435 840 2502 in
862 2428 996 2528 quibus
1016 2423 1172 2523 Cupido,
1196 2423 1308 2494 sacris
1327 2431 1364 2492 et

141 2539 265 2618 latinis
288 2543 407 2620 verbis
434 2544 661 2644 hispaniensi
694 2558 730 2620 et
763 2545 903 2643 vulgari
928 2545 1086 2618 sermoni
1125 2538 1258 2624 mixtis,
1287 2560 1362 2609 non

137 2681 243 2734 secus
262 2685 306 2734 ac
325 2661 424 2734 solus
444 2662 545 2736 Deus
564 2663 785 2736 invocatur?

461 2849 715 2914 ‹senororosmm
730 2832 913 2908 exclamat
937 2827 1135 2914 Vz'torz'ano,
1214 2833 1218 2841 '

576 2931 628 2981 Por
641 2931 665 2981 el
679 2931 774 2998 primor
785 2931 817 2980 de
828 2931 939 2995 mujeres

572 3011 626 3079 Soy
638 3020 760 3062 contento
773 3011 914 3078 padeeer...

569 3093 755 3144 Convertuntur

569 3171 650 3232 fletus,
666 3178 693 3221 et
706 3177 877 3230 revereantur,
1187 3177 1208 3243 f

571 3257 597 3300 et
610 3251 686 3300 valde
700 3251 832 3302 velociter.
849 3267 862 3300 n

136 3361 271 3437 Versus
286 3389 432 3464 quoque
452 3366 533 3464 lege
553 3393 645 3466 quos
662 3395 681 3436 «
696 3369 877 3466 Requiem
894 3380 1064 3439 aeternam
1078 3377 1113 3437 et
1124 3358 1328 3435 antitonam
1343 3385 1363 3425 »

134 3477 244 3576 Juan
263 3482 327 3554 del
339 3481 487 3556 Encina
507 3486 690 3581 inscripsit
711 3519 717 3556 :

569 3667 583 3700 s
598 3651 674 3702 Pater
688 3659 781 3714 noster,
797 3651 859 3712 nino
872 3654 887 3701 ὁ
901 3650 1005 3717 ciego...

570 3731 679 3798 Cupido¹
696 3731 860 3800 Kifieleison.
877 3746 892 3780 n

184 3865 317 3938 Nonne
337 3867 529 3941 confestim
555 3867 743 3942 Celestina
785 3871 823 3940 in
856 3880 957 3941 tuum
994 3869 1094 3940 venit
1127 3868 1291 3938 animum
1326 3874 1364 3934 ut

134 4007 217 4078 quae
238 3986 489 4057 sanctissimas
509 3997 544 4056 et
564 3984 873 4082 impudicissimus
891 4009 948 4056 res
973 3983 1101 4056 eadem
1127 3979 1363 4079 simplicitate

25 4119 47 4136 '
134 4097 262 4170 referre
282 4098 429 4173 soleat?

184 4211 267 4285 Alia
281 4239 363 4288 vero
375 4241 396 4288 e
408 4215 708 4317 Tragicomoedia
725 4216 769 4290 de
788 4220 822 4292 C
820 4216 935 4290 alz'sto
945 4244 975 4316 y
990 4213 1148 4290 Melibea
1161 4226 1197 4288 et
1211 4212 1364 4287 meliora

133 4345 167 4402 et
189 4329 334 4426 majoris
363 4331 536 4406 momenti
555 4334 766 4433 Juliannem
791 4335 854 4406 del
883 4333 1031 4406 Encina
1052 4332 1218 4404 hausisse
1228 4327 1362 4402 labulae

133 4445 223 4542 ipsae
249 4444 501 4523 demonstrant
536 4476 621 4548 quae
641 4475 722 4524 eam
760 4455 798 4524 in
832 4448 1037 4548 exemplum
1072 4459 1358 4546 assumpserunt.
1437 4439 1447 4458 ⁸

133 4561 218 4635 Non
237 4565 336 4634 enim
356 4563 473 4637 solum
493 4565 612 4662 plures
646 4591 821 4664 personas
848 4571 886 4638 in
906 4589 1055 4639 scenam
1082 4563 1271 4653 inducunt,
1296 4561 1360 4635 sed

163 4783 199 4848 (r)
214 4772 317 4848 delego
329 4784 448 4836 Crtsrrno
453 4801 474 4849 y
486 4786 575 4838 Febra.
