3475 5609
868 467 1050 536 ..104-

333 640 436 693 veras
465 627 501 692 et
532 620 718 716 genuinas
751 642 808 692 res
837 621 989 692 miscere
1022 627 1147 718 posset
1164 629 1200 692 et
1232 619 1279 693 ad
1299 619 1457 718 ecgloga
1481 645 1563 719 gra·

334 733 469 808 viorem
499 734 651 808 lormam
682 748 718 808 et
756 735 866 808 etiam
896 734 942 809 ad
974 739 1208 833 antiquorum
1240 741 1562 834 grammaticorum

333 862 518 950 praecepta
562 850 802 924 dramaticam
841 851 1120 924 accommodare
1155 856 1344 926 materiam
1383 879 1494 952 quam
1524 858 1564 926 in

335 995 353 1037 «
373 970 407 1041 C
406 965 563 1040 elestina
580 997 598 1038 »
616 965 827 1040 trementem
848 972 1050 1048 sensimus,

382 1083 509 1157 Minus
527 1082 662 1173 leliceS,
694 1081 820 1174 fateor,
845 1087 884 1156 in
906 1083 1084 1158 imitando
1112 1083 1256 1158 luerunt
1289 1089 1351 1184 qui
1390 1085 1427 1158 in
1460 1100 1563 1160 sexto

334 1198 480 1273 decimo
503 1197 641 1272 saeculo
673 1198 895 1272 Bartolomei
915 1203 1071 1297 vestigia
1090 1202 1203 1273 secuti
1229 1213 1327 1274 sunt.
1350 1200 1435 1274 Non
1464 1202 1563 1276 enim

222 1353 225 1359 ·
334 1315 423 1414 quid
439 1317 490 1388 'in
518 1314 595 1413 ejus
623 1314 815 1389 comoediis
831 1303 1061 1389 verisimilius
1076 1328 1172 1389 esset
1187 1329 1222 1388 et
1238 1319 1415 1390 severiore
1435 1317 1563 1392 ordine

336 1430 552 1528 dispositum
582 1433 637 1504 sui
670 1429 757 1529 juris
791 1430 910 1504 lacere
947 1435 1070 1506 conati
1108 1443 1192 1505 sunt
1225 1431 1289 1506 sed
1324 1432 1411 1530 quid
1445 1437 1565 1532 magis

336 1558 463 1621 contra
489 1545 599 1620 fidem
637 1557 702 1620 aut
727 1545 902 1645 pudorem
933 1559 1133 1646 appareret.
1166 1546 1416 1641 Quamobrem
1431 1548 1567 1650 Jaz'me

336 1663 380 1737 de
402 1665 523 1744 Huete
555 1666 592 1736 in
617 1661 791 1736 Tesorz‘na
823 1689 891 1736 sua
924 1663 1195 1737 Bartolomeum
1226 1668 1373 1764 magnis
1404 1663 1567 1738 cumulat

264 1808 269 1818 ’
337 1777 508 1852 laudibus
540 1780 610 1852 nisi
639 1777 738 1878 quod
757 1778 835 1877 ejus
860 1777 950 1852 vitia
977 1781 1027 1851 ita
1047 1782 1183 1852 amavit
1211 1791 1250 1852 ut
1286 1779 1379 1852 nihil
1412 1778 1567 1876 improbi

336 1893 492 1968 scribere
516 1896 765 1969 recusaverit?
809 1893 1034 1992 Improbiora
1070 1907 1194 1967 tamen
1214 1898 1358 1992 scripsit
1379 1895 1573 1970 Crz'stobal
1634 1901 1640 1904 ’

336 2009 380 2084 de
398 2008 598 2110 Castillejo
612 2012 675 2109 qui
688 2015 727 2083 in
748 2039 767 2080 «
785 2009 952 2084 Satura»
965 2011 1009 2082 de
1029 2011 1066 2083 la
1086 2012 1121 2084 C
1119 2018 1298 2084 onstanza
1313 2010 1360 2084 ad
1380 2035 1564 2084 summam

337 2127 526 2200 licentiam
546 2129 737 2224 pervenit?
758 2125 858 2220 Quid
884 2125 1091 2224 probrosius
1107 2129 1245 2199 maritis
1265 2124 1337 2199 illis
1357 2129 1419 2225 qui
1440 2151 1570 2200 uxores

338 2240 546 2336 maledictis
574 2255 610 2315 et
629 2230 862 2316 contumeliis
883 2254 1018 2316 vexant
1042 2254 1077 2315 et
1102 2241 1195 2315 inter
1212 2266 1251 2314 se
1280 2240 1439 2342 denique
1471 2268 1571 2316 com-

338 2359 510 2433 mutant?
543 2358 645 2452 Nihil
671 2383 836 2433 sermone
866 2362 986 2458 magis
1007 2358 1219 2456 pudendum
1239 2383 1317 2431 esse
1333 2358 1568 2461 praedicarem

338 2477 378 2548 in
409 2499 482 2572 quo
509 2472 556 2548 de
580 2477 803 2547 matrimonii
840 2472 916 2572 jure
942 2488 978 2546 et
1009 2473 1129 2546 officio
1152 2473 1347 2566 disseritur,
1385 2478 1415 2546 si
1451 2475 1569 2562 «reli-

338 2594 432 2688 giosi
456 2619 475 2660 s
495 2589 786 2687 objurgationem
808 2615 830 2662 a
849 2588 1057 2687 presbytero
1076 2590 1363 2688 exspostulatam
1379 2593 1477 2687 prius
1495 2618 1570 2665 non

339 2705 523 2805 legissem.
542 2703 644 2778 Nihil
659 2703 756 2778 enim
774 2709 893 2802 magis
912 2704 1090 2803 impurum
1106 2717 1142 2778 et
1158 2717 1364 2803 corruptum
1381 2706 1571 2779 Celestina

339 2819 430 2895 dixit
458 2833 497 2894 ut
529 2819 698 2906 homines
723 2823 761 2892 in
794 2845 962 2893 venerem
984 2821 1110 2894 ruendi
1132 2825 1389 2894 necessitatem
1410 2821 1568 2895 doceret.

341 2937 438 3012 Sunt
452 2949 576 3010 tamen
610 2935 756 3009 mimico
782 2935 845 3009 illo
859 2941 896 3008 in
922 2935 1005 3034 joco
1025 2964 1109 3034 quae
1132 2947 1167 3008 et
1188 2935 1341 3009 ridicula
1365 2952 1401 3010 et
1429 2937 1571 3036 politis·

341 3055 435 3126 sima
454 3050 579 3125 haberi
606 3054 747 3148 possint
773 3064 808 3123 et
828 3051 939 3124 etiam
970 3052 1017 3124 ad
1044 3052 1188 3124 Molieri
1217 3056 1329 3124 nostri
1361 3064 1571 3126 «saturas»

341 3170 603 3266 cogitationem
629 3165 812 3239 interdum
832 3165 961 3240 reterre
979 3169 1042 3265 (1).
1487 3179 1490 3183 ’

388 3283 497 3358 Talia
516 3296 551 3356 et
570 3281 758 3356 laudanda
773 3296 808 3356 et
834 3288 1030 3380 praesertim
1054 3283 1295 3382 vituperanda
1315 3288 1353 3356 in
1374 3284 1566 3358 comoediis

341 3412 518 3499 apparent
546 3425 627 3497 quae
646 3409 736 3486 tum,
758 3411 798 3472 ut
819 3399 1057 3496 «Hipolz'ta»
1086 3414 1123 3471 et
1162 3401 1370 3498 «Serafina
1387 3430 1417 3488 ›>,
1444 3399 1491 3473 ab
1513 3405 1570 3473 in-

341 3515 447 3590 certis
463 3513 672 3589 auctoribus
690 3514 834 3611 scriptae
846 3529 930 3588 sunt
951 3517 1020 3610 (a),
1038 3512 1296 3613 Fernandique
1311 3518 1355 3588 de
1370 3514 1488 3615 Rojas
1508 3529 1571 3590 aut

341 3630 563 3705 Bartolomei
584 3629 682 3720 vitia,
719 3630 757 3702 id
777 3644 830 3704 est
858 3630 1010 3702 nimiam
1043 3630 1284 3704 eruditionem
1314 3644 1349 3704 et
1383 3630 1571 3704 licentiam

340 3751 525 3847 praecipue
554 3749 753 3819 imitantur.
777 3744 923 3821 Nullius
942 3739 1064 3819 aute'm
1089 3747 1257 3843 ponderis
1272 3759 1357 3820 sunt
1386 3750 1450 3845 qui
1471 3751 1570 3819 anti-

340 3888 493 3963 quorum
514 3860 716 3935 comoedias
736 3873 799 3935 aut
814 3861 1014 3958 tragoedias
1045 3863 1083 3933 in
1108 3861 1381 3958 hispaniensem
1403 3849 1571 3958 linguam

339 3977 573 4053 transferunt.
615 3978 724 4050 Docti
762 3977 892 4050 saltem
925 3981 1037 4049 nostri
1057 3975 1218 4074 ejusdem
1253 3981 1370 4050 aetatis
1402 3979 1566 4077 Jodelle,

339 4095 506 4184 Belleia,
542 4092 682 4169 Grdoz'n
698 4105 733 4166 et
754 4092 920 4169 Gurnz'er
939 4092 1124 4190 publicum
1141 4098 1361 4166 constituere
1384 4093 1566 4167 theatrum

341 4207 553 4306 cupiebant,
569 4221 614 4299 et,
640 4207 724 4282 licet
758 4206 1019 4306 discipulorum
1039 4179 1156 4280 solum
1177 4220 1213 4280 et
1245 4212 1569 4305 grammaticorum

341 4323 490 4426 plausus
527 4325 743 4413 excitarent,
759 4322 1000 4396 dramaticum
1038 4347 1156 4418 genus
1193 4322 1390 4396 tuebantur
1417 4323 1515 4419 quod
1548 4350 1572 4397 a

374 4564 410 4628 (r)
426 4563 462 4624 Si,
478 4563 591 4628 exempli
603 4563 694 4628 gratia,
711 4563 822 4613 Antonia
835 4571 860 4611 et
873 4561 979 4612 Marinae
996 4561 1079 4625 primo
1089 4562 1114 4609 in
1130 4562 1195 4610 Actu
1210 4561 1317 4628 iurgium
1328 4561 1430 4628 legeris,
1439 4563 1573 4613 comoedia

342 4641 425 4694 subito
437 4642 481 4691 tibi
495 4641 520 4692 in
535 4649 648 4691 mentem
665 4643 747 4691 veniet
765 4661 821 4708 quae
839 4645 896 4691 «Le
912 4642 1027 4690 Modecr'n
1044 4643 1145 4704 migro
1161 4643 1227 4692 lui»
1241 4641 1390 4692 inscribitur.

375 4726 411 4788 (2)
425 4721 559 4787 valencia,
578 4721 707 4772 MDXXl.
