3475 5609
721 575 907 621 -10l-

199 719 307 793 simili
336 718 616 816 intemperantia
643 721 811 794 Guamon
831 719 1026 816 gloriatur.
1055 719 1126 794 Ubi
1155 719 1288 792 deinde
1304 720 1425 816 potius

197 860 308 935 quam
336 835 372 909 in
402 865 420 904 a
440 833 648 908 Tiaellarr'a
668 865 686 904 »
715 835 845 908 melius
862 840 1064 933 perspicere
1082 839 1198 932 possis
1214 861 1287 933 quo
1305 848 1423 909 vasta·

199 951 350 1040 tionum,
381 950 600 1048 flagitiorum
613 959 664 1024 'et
694 949 914 1024 luxuriarum
950 950 1148 1024 cardinalis
1181 951 1309 1024 lamuli
1346 963 1422 1026 turn

199 1069 453 1163 pervenirent?
480 1068 656 1140 Naturam
685 1070 799 1163 ipsam
821 1071 872 1139 ita
906 1067 1159 1140 Bartolomeus
1191 1065 1353 1140 imitatur
1383 1080 1423 1141 ut

197 1182 327 1279 viginti
355 1196 392 1256 et
426 1182 577 1256 duarum
616 1207 849 1279 personarum
885 1187 1096 1257 varietatem
1135 1194 1292 1281 quatuor
1328 1187 1422 1256 nati-

198 1323 322 1372 vorum
354 1323 562 1373 sermonum
584 1298 790 1394 diuersitate
829 1312 864 1372 et
885 1299 1135 1373 familiaritate
1153 1303 1418 1396 interpretetur.

200 1412 338 1487 Fabula
365 1439 449 1487 vero
479 1419 515 1486 in
550 1414 777 1511 disponenda
814 1415 964 1487 multum
986 1441 1006 1487 e
1028 1440 1127 1487 nono
1156 1427 1239 1487 actu
1270 1414 1421 1488 assumit

197 1534 234 1603 in
279 1556 353 1628 quo
385 1531 592 1604 convivium
628 1530 815 1604 Celestina
850 1535 994 1604 instruit
1030 1542 1067 1604 et
1100 1530 1280 1622 celebrat;
1314 1530 1420 1628 jinta-

196 1646 316 1719 culum
351 1651 448 1719 enirn
487 1651 614 1745 primo,
658 1646 851 1744 prandium
891 1646 1040 1736 deinde,
1076 1646 1236 1744 denique
1272 1672 1418 1720 coenam

194 1760 375 1858 explicare
399 1766 488 1836 satis
519 1762 641 1835 habet.
675 1762 849 1836 Conviuae
880 1762 1026 1860 quidem
1061 1761 1124 1834 alii
1158 1774 1254 1849 sunt,
1287 1760 1417 1836 iisdem

194 1901 277 1949 vero
326 1875 575 1975 depinguntur
607 1876 801 1951 coloribus.
843 1878 946 1970 Quin
992 1878 1180 1951 Barrabas
1218 1877 1416 1952 Celestinae

192 1991 310 2066 verbis
330 1991 440 2066 utitur
478 1993 523 2066 ad
564 1992 739 2068 Lucretiae
774 1993 967 2066 illecebras
1002 1991 1267 2090 explanandas.
1303 1993 1415 2066 «Ve-

193 2107 278 2181 tulae
309 2107 470 2206 gallinae,
505 2109 642 2209 inquit,
692 2099 945 2183 unctissimum
997 2109 1120 2182 cibum
1156 2122 1341 2206 parant».
1382 2109 1414 2182 A

192 2222 355 2298 lenarum
390 2250 536 2323 quoque
561 2229 687 2322 regina
714 2226 759 2297 ad
796 2225 951 2298 Matium
980 2223 1145 2298 mercede
1184 2223 1413 2324 adstringen-

191 2340 276 2414 dum
307 2345 544 2415 certissimum
578 2341 724 2416 modurn
764 2355 949 2416 mutuatur
973 2367 1045 2439 quo
1074 2343 1179 2437 quasi
1207 2339 1412 2415 firmissimo

189 2457 337 2530 vinculo
356 2459 538 2530 Parmeno
553 2457 742 2532 devinctus
757 2471 824 2532 est.
843 2458 943 2551 Quid
962 2457 1215 2531 multaiNihil
1236 2457 1411 2531 lascivum

189 2586 226 2648 et
263 2572 452 2672 religionis
480 2577 602 2672 specie
628 2574 785 2648 celatum
816 2572 1003 2648 Celestina
1033 2574 1193 2672 loquitur
1225 2599 1298 2671 quo
1336 2599 1410 2647 non

188 2690 384 2786 impuriora
403 2707 439 2762 et
459 2694 576 2786 magis
607 2693 720 2786 impia
739 2694 812 2763 sint
833 2715 918 2788 quae
943 2693 980 2762 in
1000 2693 1106 2766 tertio
1125 2702 1210 2762 actu
1235 2690 1357 2788 Godoy
1375 2702 1410 2763 et

186 2804 318 2878 Mortis
337 2805 565 2902 proclamant
598 2819 636 2877 ut
669 2830 834 2878 mensam
865 2805 1101 2878 benedicant.

236 2919 393 2996 Felicem
433 2918 590 3018 denique
630 2933 837 2993 naturarum
872 2924 1117 2993 imitationem
1146 2922 1184 2992 in
1218 2920 1408 2995 comoediis

183 3031 353 3108 laudabis
372 3061 463 3134 quas
478 3049 659 3109 extremas
681 3039 837 3133 reposui.
861 3037 954 3128 Quae
978 3060 1201 3134 quamquam
1231 3060 1253 3108 a
1282 3036 1406 3109 Barto·

183 3147 302 3223 lomeo
328 3179 385 3223 «a
399 3150 573 3248 fontasio
590 3179 621 3239 r,
654 3151 689 3222 id
718 3164 773 3224 est
793 3150 838 3224 de
872 3177 908 3224 re
928 3151 1013 3224 licta
1029 3150 1315 3224 denominantur
1331 3155 1405 3250 ¹(r),

182 3269 362 3347 sinceram
384 3265 625 3340 nibilominus
639 3272 719 3339 vitae
740 3267 938 3364 imaginem
958 3266 1121 3363 praebent
1141 3292 1209 3338 nec
1232 3292 1253 3339 a
1278 3271 1406 3342 ceteris

182 3380 257 3454 ullo
282 3381 493 3455 discrimine
518 3381 771 3456 discernuntur
792 3386 862 3454 nisi
883 3381 1084 3455 tabularum
1107 3407 1201 3454 nova
1220 3393 1257 3454 et
1287 3388 1405 3481 magis

182 3493 383 3570 dramatico
420 3502 561 3571 virtute.
601 3499 878 3598 «Serafinams
912 3511 1034 3570 tamen
1063 3497 1178 3571 fateor
1214 3497 1302 3595 quid
1329 3503 1404 3572 veri

180 3610 408 3685 simillimum
429 3617 475 3685 sit
496 3639 569 3685 non
585 3639 906 3712 semperquaererc.
922 3615 1159 3712 Hispaniensi
1174 3614 1322 3688 tortasse
1340 3614 1404 3688 sed

180 3752 254 3799 non
277 3727 436 3802 humano
452 3733 577 3802 anirno
597 3731 633 3803 F
636 3729 792 3802 loristan
806 3743 956 3802 ornatus
974 3734 1119 3829 estqui,
1141 3744 1180 3804 ut
1196 3729 1402 3804 Serafinam

178 3860 415 3940 recuperaret,
438 3845 627 3918 innocenti
653 3857 686 3946 et
708 3845 828 3918 adbuc
845 3849 992 3919 intactae
1013 3845 1132 3921 Orleae
1161 3845 1403 3920 confessionis

177 3973 211 4032 et
245 3963 371 4060 mortis
401 3965 657 4052 necessitatem
690 3961 922 4057 imposuisset
955 3961 984 4034 si
1005 3973 1209 4059 opportuno
1240 3977 1402 4057 tempore

176 4073 619 4148 Policr'aaononrediisset
634 4081 916 4175 morituramque
928 4077 1044 4150 [ratris
1056 4077 1249 4175 conjugem
1263 4102 1402 4172 prosua

100 4239 101 4244 κ
168 4191 407 4286 vindicasset.
437 4191 535 4284 Quid
559 4190 603 4264 de
630 4193 811 4265 monacho
830 4193 1000 4266 Teodoro
1022 4193 1175 4266 dicam?
1208 4193 1401 4267 Celestinae

176 4307 336 4405 prolecto
374 4307 592 4404 depravatos
629 4325 664 4380 et
701 4309 861 4406 perditos
896 4335 1012 4383 mores
1043 4322 1079 4383 et
1111 4310 1400 4393 sermones-sibi

204 4629 243 4694 (ι)
260 4629 323 4680 llaec
335 4639 391 4678 sunt
408 4631 564 4680 llnrtolornei
577 4631 674 4682 verba:
697 4632 871 4690 salamana,
897 4633 930 4681 de
954 4649 1017 4683 cosa
1043 4633 1148 4700 lingula,
1169 4651 1218 4699 que
1234 4642 1311 4699 tenga
1327 4635 1400 4687 color

174 4710 206 4788 de
223 4711 318 4760 verdad
333 4727 433 4777 aurique
446 4729 480 4762 no
491 4712 517 4762 lo
531 4729 581 4770 sea,
598 4729 675 4762 corno
690 4729 737 4762 son
752 4713 873 4774 Serofiaa.
892 4715 1000 4764 Imoaea.
1019 4732 1033 4765 ο

842 4795 1017 4856 (Propalodr'a,
1032 4796 1237 4860 Preliminares).
