<?xml version="1.0" encoding="UTF-8"?>
<!DOCTYPE html PUBLIC "-//W3C//DTD XHTML 1.0 Transitional//EN"
    "http://www.w3.org/TR/xhtml1/DTD/xhtml1-transitional.dtd">
<html xmlns="http://www.w3.org/1999/xhtml" xml:lang="en" lang="en">
 <head>
  <title>
</title>
<meta http-equiv="Content-Type" content="text/html;charset=utf-8" />
  <meta name='ocr-system' content='tesseract 3.04.00' />
  <meta name='ocr-capabilities' content='ocr_page ocr_carea ocr_par ocr_line ocrx_word'/>
</head>
<body>
  <div class='ocr_page' id='page_1' title='image "./quatenus00unkngoog_0077.png"; bbox 0 0 3475 5609; ppageno 0'>
   <div class='ocr_carea' id='block_1_1' title="bbox 879 562 1039 647">
    <p class='ocr_par' dir='ltr' id='par_1_1' title="bbox 879 562 1039 647">
     <span class='ocr_line' id='line_1_1' title="bbox 879 562 1039 647; baseline 0 -35"><span class='ocrx_word' id='word_1_1' title='bbox 879 562 1039 647; x_wconf 77' lang='lat'>...76-</span> 
     </span>
    </p>
   </div>
   <div class='ocr_carea' id='block_1_2' title="bbox 251 723 1571 4889">
    <p class='ocr_par' dir='ltr' id='par_1_2' title="bbox 251 723 1571 4889">
     <span class='ocr_line' id='line_1_2' title="bbox 333 723 1559 813; baseline 0.003 -14"><span class='ocrx_word' id='word_1_2' title='bbox 333 723 533 813; x_wconf 86' lang='lat' dir='ltr'>trahuntur,</span> <span class='ocrx_word' id='word_1_3' title='bbox 558 723 682 798; x_wconf 80' lang='lat' dir='ltr'>famuli</span> <span class='ocrx_word' id='word_1_4' title='bbox 703 735 740 798; x_wconf 87' lang='lat' dir='ltr'>et</span> <span class='ocrx_word' id='word_1_5' title='bbox 768 728 973 800; x_wconf 84' lang='lat' dir='ltr'>meretrices</span> <span class='ocrx_word' id='word_1_6' title='bbox 1011 724 1241 801; x_wconf 91' lang='lat' dir='ltr'>incalescunt</span> <span class='ocrx_word' id='word_1_7' title='bbox 1268 741 1304 801; x_wconf 89' lang='lat' dir='ltr'>et</span> <span class='ocrx_word' id='word_1_8' title='bbox 1324 733 1418 804; x_wconf 88' lang='lat' dir='ltr'>inter</span> <span class='ocrx_word' id='word_1_9' title='bbox 1442 756 1481 804; x_wconf 92' lang='lat' dir='ltr'>se</span> <span class='ocrx_word' id='word_1_10' title='bbox 1509 734 1559 805; x_wconf 90' lang='lat' dir='ltr'>ita</span> 
     </span>
     <span class='ocr_line' id='line_1_3' title="bbox 332 839 1559 942; baseline 0.002 -27"><span class='ocrx_word' id='word_1_11' title='bbox 332 840 536 915; x_wconf 88' lang='lat' dir='ltr'>obtrectant</span> <span class='ocrx_word' id='word_1_12' title='bbox 552 851 590 914; x_wconf 92' lang='lat' dir='ltr'>ut</span> <span class='ocrx_word' id='word_1_13' title='bbox 605 839 745 938; x_wconf 90' lang='lat' dir='ltr'>probris</span> <span class='ocrx_word' id='word_1_14' title='bbox 760 854 795 914; x_wconf 91' lang='lat' dir='ltr'>et</span> <span class='ocrx_word' id='word_1_15' title='bbox 812 841 1016 916; x_wconf 88' lang='lat' dir='ltr'>maledictis</span> <span class='ocrx_word' id='word_1_16' title='bbox 1041 846 1134 917; x_wconf 89' lang='lat' dir='ltr'>ictus</span> <span class='ocrx_word' id='word_1_17' title='bbox 1157 865 1304 942; x_wconf 89' lang='lat' dir='ltr'>quoque</span> <span class='ocrx_word' id='word_1_18' title='bbox 1323 844 1559 920; x_wconf 86' lang='lat' dir='ltr'>succederent</span> 
     </span>
     <span class='ocr_line' id='line_1_4' title="bbox 332 941 1560 1055; baseline 0.006 -26"><span class='ocrx_word' id='word_1_19' title='bbox 332 959 363 1030; x_wconf 91' lang='lat' dir='ltr'>si</span> <span class='ocrx_word' id='word_1_20' title='bbox 384 981 459 1029; x_wconf 94' lang='lat' dir='ltr'>non</span> <span class='ocrx_word' id='word_1_21' title='bbox 480 955 552 1028; x_wconf 93' lang='lat' dir='ltr'>alia</span> <span class='ocrx_word' id='word_1_22' title='bbox 571 970 607 1028; x_wconf 86' lang='lat' dir='ltr'>et</span> <span class='ocrx_word' id='word_1_23' title='bbox 632 955 740 1053; x_wconf 91' lang='lat' dir='ltr'>plane</span> <span class='ocrx_word' id='word_1_24' title='bbox 767 956 910 1031; x_wconf 90' lang='lat' dir='ltr'>diversa</span> <span class='ocrx_word' id='word_1_25' title='bbox 923 957 1030 1055; x_wconf 87' lang='lat' dir='ltr'>jurgii</span> <span class='ocrx_word' id='word_1_26' title='bbox 1051 957 1135 1032; x_wconf 90' lang='lat' dir='ltr'>finis</span> <span class='ocrx_word' id='word_1_27' title='bbox 1154 972 1262 1032; x_wconf 83' lang='lat' dir='ltr'>esset.</span> <span class='ocrx_word' id='word_1_28' title='bbox 1294 941 1378 1055; x_wconf 54' lang='lat' dir='ltr'>lali</span> <span class='ocrx_word' id='word_1_29' title='bbox 1408 965 1560 1040; x_wconf 81' lang='lat' dir='ltr'>veritate</span> 
     </span>
     <span class='ocr_line' id='line_1_5' title="bbox 251 1070 1558 1173; baseline 0.006 -28"><span class='ocrx_word' id='word_1_30' title='bbox 251 1142 269 1164; x_wconf 35' lang='lat'><strong>⁴</strong></span> <span class='ocrx_word' id='word_1_31' title='bbox 332 1084 368 1146; x_wconf 89' lang='lat' dir='ltr'>et</span> <span class='ocrx_word' id='word_1_32' title='bbox 388 1071 523 1170; x_wconf 90' lang='lat' dir='ltr'>majore</span> <span class='ocrx_word' id='word_1_33' title='bbox 554 1070 665 1173; x_wconf 83' lang='lat' dir='ltr'>etiam</span> <span class='ocrx_word' id='word_1_34' title='bbox 699 1070 850 1146; x_wconf 91' lang='lat' dir='ltr'>licentia</span> <span class='ocrx_word' id='word_1_35' title='bbox 887 1077 1072 1171; x_wconf 84' lang='lat' dir='ltr'>praeterita</span> <span class='ocrx_word' id='word_1_36' title='bbox 1106 1086 1143 1148; x_wconf 87' lang='lat' dir='ltr'>et</span> <span class='ocrx_word' id='word_1_37' title='bbox 1171 1100 1334 1172; x_wconf 86' lang='lat' dir='ltr'>praesens</span> <span class='ocrx_word' id='word_1_38' title='bbox 1357 1077 1558 1153; x_wconf 84' lang='lat' dir='ltr'>Celestinae</span> 
     </span>
     <span class='ocr_line' id='line_1_6' title="bbox 332 1187 1560 1284; baseline 0.005 -24"><span class='ocrx_word' id='word_1_39' title='bbox 332 1191 408 1262; x_wconf 92' lang='lat' dir='ltr'>vita</span> <span class='ocrx_word' id='word_1_40' title='bbox 435 1199 521 1262; x_wconf 89' lang='lat' dir='ltr'>ante</span> <span class='ocrx_word' id='word_1_41' title='bbox 549 1187 675 1262; x_wconf 91' lang='lat' dir='ltr'>oculos</span> <span class='ocrx_word' id='word_1_42' title='bbox 695 1202 837 1262; x_wconf 89' lang='lat' dir='ltr'>nostros</span> <span class='ocrx_word' id='word_1_43' title='bbox 859 1188 1079 1264; x_wconf 89' lang='lat' dir='ltr'>obversatur.</span> <span class='ocrx_word' id='word_1_44' title='bbox 1114 1189 1211 1284; x_wconf 84' lang='lat' dir='ltr'>Quae</span> <span class='ocrx_word' id='word_1_45' title='bbox 1238 1190 1337 1264; x_wconf 87' lang='lat' dir='ltr'>illam</span> <span class='ocrx_word' id='word_1_46' title='bbox 1369 1192 1560 1267; x_wconf 81' lang='lat' dir='ltr'>Claudz&#39;na</span> 
     </span>
     <span class='ocr_line' id='line_1_7' title="bbox 331 1303 1559 1382; baseline 0.005 -6"><span class='ocrx_word' id='word_1_47' title='bbox 331 1303 495 1379; x_wconf 89' lang='lat' dir='ltr'>docuerit</span> <span class='ocrx_word' id='word_1_48' title='bbox 521 1306 705 1378; x_wconf 81' lang='lat' dir='ltr'>Parmeno</span> <span class='ocrx_word' id='word_1_49' title='bbox 733 1330 801 1377; x_wconf 93' lang='lat' dir='ltr'>nos</span> <span class='ocrx_word' id='word_1_50' title='bbox 829 1309 999 1378; x_wconf 89' lang='lat' dir='ltr'>certiores</span> <span class='ocrx_word' id='word_1_51' title='bbox 1022 1305 1121 1380; x_wconf 80' lang='lat' dir='ltr'>tacit.</span> <span class='ocrx_word' id='word_1_52' title='bbox 1163 1306 1316 1381; x_wconf 75' lang='lat' dir='ltr'>«Nulla</span> <span class='ocrx_word' id='word_1_53' title='bbox 1337 1313 1559 1382; x_wconf 90' lang='lat' dir='ltr'>monasteria</span> 
     </span>
     <span class='ocr_line' id='line_1_8' title="bbox 328 1420 1557 1520; baseline 0.002 -23"><span class='ocrx_word' id='word_1_54' title='bbox 328 1443 533 1497; x_wconf 79' lang='lat' dir='ltr'>nonnarum</span> <span class='ocrx_word' id='word_1_55' title='bbox 558 1433 621 1494; x_wconf 89' lang='lat' dir='ltr'>aut</span> <span class='ocrx_word' id='word_1_56' title='bbox 651 1420 912 1496; x_wconf 89' lang='lat' dir='ltr'>monachorum</span> <span class='ocrx_word' id='word_1_57' title='bbox 947 1447 1022 1495; x_wconf 94' lang='lat' dir='ltr'>non</span> <span class='ocrx_word' id='word_1_58' title='bbox 1037 1420 1304 1520; x_wconf 77' lang='lat' dir='ltr'>frequentabat,</span> <span class='ocrx_word' id='word_1_59' title='bbox 1328 1436 1367 1498; x_wconf 86' lang='lat' dir='ltr'>ut</span> <span class='ocrx_word' id='word_1_60' title='bbox 1385 1424 1557 1499; x_wconf 90' lang='lat' dir='ltr'>simulato</span> 
     </span>
     <span class='ocr_line' id='line_1_9' title="bbox 328 1536 1555 1636; baseline 0.004 -26"><span class='ocrx_word' id='word_1_61' title='bbox 328 1538 515 1636; x_wconf 85' lang='lat' dir='ltr'>religionis</span> <span class='ocrx_word' id='word_1_62' title='bbox 544 1536 644 1612; x_wconf 91' lang='lat' dir='ltr'>cultu</span> <span class='ocrx_word' id='word_1_63' title='bbox 675 1537 861 1612; x_wconf 90' lang='lat' dir='ltr'>lenocinia</span> <span class='ocrx_word' id='word_1_64' title='bbox 890 1537 940 1611; x_wconf 90' lang='lat' dir='ltr'>ibi</span> <span class='ocrx_word' id='word_1_65' title='bbox 961 1564 1028 1613; x_wconf 83' lang='lat' dir='ltr'>sua</span> <span class='ocrx_word' id='word_1_66' title='bbox 1053 1550 1299 1636; x_wconf 86' lang='lat' dir='ltr'>componeret.</span> <span class='ocrx_word' id='word_1_67' title='bbox 1338 1541 1449 1615; x_wconf 90' lang='lat' dir='ltr'>Domi</span> <span class='ocrx_word' id='word_1_68' title='bbox 1478 1567 1555 1615; x_wconf 86' lang='lat' dir='ltr'>suae</span> 
     </span>
     <span class='ocr_line' id='line_1_10' title="bbox 328 1652 1555 1754; baseline 0.003 -28"><span class='ocrx_word' id='word_1_69' title='bbox 328 1652 506 1754; x_wconf 85' lang='lat' dir='ltr'>pretiosos</span> <span class='ocrx_word' id='word_1_70' title='bbox 522 1653 652 1728; x_wconf 90' lang='lat' dir='ltr'>odores</span> <span class='ocrx_word' id='word_1_71' title='bbox 670 1653 824 1751; x_wconf 89' lang='lat' dir='ltr'>parabat</span> <span class='ocrx_word' id='word_1_72' title='bbox 843 1658 1042 1753; x_wconf 88' lang='lat' dir='ltr'>omniaque</span> <span class='ocrx_word' id='word_1_73' title='bbox 1061 1679 1198 1752; x_wconf 90' lang='lat' dir='ltr'>genera</span> <span class='ocrx_word' id='word_1_74' title='bbox 1221 1658 1446 1730; x_wconf 85' lang='lat' dir='ltr'>exoticorum</span> <span class='ocrx_word' id='word_1_75' title='bbox 1465 1655 1555 1730; x_wconf 89' lang='lat' dir='ltr'>lruc·</span> 
     </span>
     <span class='ocr_line' id='line_1_11' title="bbox 325 1769 1555 1870; baseline 0 -25"><span class='ocrx_word' id='word_1_76' title='bbox 325 1784 428 1846; x_wconf 90' lang='lat' dir='ltr'>tuum</span> <span class='ocrx_word' id='word_1_77' title='bbox 455 1770 685 1845; x_wconf 86' lang='lat' dir='ltr'>adulterabat</span> <span class='ocrx_word' id='word_1_78' title='bbox 717 1797 809 1868; x_wconf 95' lang='lat' dir='ltr'>quos</span> <span class='ocrx_word' id='word_1_79' title='bbox 837 1797 902 1870; x_wconf 90' lang='lat' dir='ltr'>pro</span> <span class='ocrx_word' id='word_1_80' title='bbox 941 1769 1220 1845; x_wconf 81' lang='lat' dir='ltr'>medicamentis</span> <span class='ocrx_word' id='word_1_81' title='bbox 1258 1771 1412 1869; x_wconf 86' lang='lat' dir='ltr'>simplex</span> <span class='ocrx_word' id='word_1_82' title='bbox 1449 1772 1555 1847; x_wconf 88' lang='lat' dir='ltr'>turba</span> 
     </span>
     <span class='ocr_line' id='line_1_12' title="bbox 325 1885 1551 1982; baseline -0.002 -20"><span class='ocrx_word' id='word_1_83' title='bbox 325 1887 483 1962; x_wconf 90' lang='lat' dir='ltr'>emebat.</span> <span class='ocrx_word' id='word_1_84' title='bbox 504 1889 545 1962; x_wconf 95' lang='lat' dir='ltr'>ln</span> <span class='ocrx_word' id='word_1_85' title='bbox 561 1887 635 1960; x_wconf 90' lang='lat' dir='ltr'>alio</span> <span class='ocrx_word' id='word_1_86' title='bbox 649 1912 794 1982; x_wconf 77' lang='lat' dir='ltr'>secessu</span> <span class='ocrx_word' id='word_1_87' title='bbox 809 1886 969 1961; x_wconf 90' lang='lat' dir='ltr'>remedia</span> <span class='ocrx_word' id='word_1_88' title='bbox 986 1885 1146 1960; x_wconf 91' lang='lat' dir='ltr'>habebat</span> <span class='ocrx_word' id='word_1_89' title='bbox 1161 1893 1296 1961; x_wconf 87' lang='lat' dir='ltr'>amoris</span> <span class='ocrx_word' id='word_1_90' title='bbox 1311 1887 1551 1981; x_wconf 87' lang='lat' dir='ltr'>conciliandi,</span> 
     </span>
     <span class='ocr_line' id='line_1_13' title="bbox 278 2002 1552 2103; baseline -0.002 -25"><span class='ocrx_word' id='word_1_91' title='bbox 278 2027 280 2040; x_wconf 69' lang='lat'><strong>¹</strong></span> <span class='ocrx_word' id='word_1_92' title='bbox 326 2029 412 2078; x_wconf 86' lang='lat' dir='ltr'>ossa</span> <span class='ocrx_word' id='word_1_93' title='bbox 432 2003 551 2078; x_wconf 87' lang='lat' dir='ltr'>cordis</span> <span class='ocrx_word' id='word_1_94' title='bbox 571 2006 723 2094; x_wconf 89' lang='lat' dir='ltr'>corvini,</span> <span class='ocrx_word' id='word_1_95' title='bbox 744 2002 890 2103; x_wconf 85' lang='lat' dir='ltr'>linguas</span> <span class='ocrx_word' id='word_1_96' title='bbox 910 2007 1125 2101; x_wconf 89' lang='lat' dir='ltr'>viperarum,</span> <span class='ocrx_word' id='word_1_97' title='bbox 1151 2003 1332 2078; x_wconf 90' lang='lat' dir='ltr'>cerebella</span> <span class='ocrx_word' id='word_1_98' title='bbox 1356 2007 1552 2091; x_wconf 90' lang='lat' dir='ltr'>asinorum,</span> 
     </span>
     <span class='ocr_line' id='line_1_14' title="bbox 326 2113 1554 2218; baseline -0.004 -23"><span class='ocrx_word' id='word_1_99' title='bbox 326 2119 449 2195; x_wconf 86' lang='lat' dir='ltr'>lunem</span> <span class='ocrx_word' id='word_1_100' title='bbox 481 2117 701 2218; x_wconf 86' lang='lat' dir='ltr'>strangulati</span> <span class='ocrx_word' id='word_1_101' title='bbox 737 2119 909 2209; x_wconf 93' lang='lat' dir='ltr'>hominis,</span> <span class='ocrx_word' id='word_1_102' title='bbox 950 2117 1075 2193; x_wconf 87' lang='lat' dir='ltr'>florem</span> <span class='ocrx_word' id='word_1_103' title='bbox 1105 2118 1264 2208; x_wconf 82' lang='lat' dir='ltr'>hederae,</span> <span class='ocrx_word' id='word_1_104' title='bbox 1296 2131 1381 2210; x_wconf 78' lang='lat' dir='ltr'>etc,</span> <span class='ocrx_word' id='word_1_105' title='bbox 1404 2113 1508 2196; x_wconf 82' lang='lat' dir='ltr'>etc..‘.</span> <span class='ocrx_word' id='word_1_106' title='bbox 1534 2150 1554 2190; x_wconf 78' lang='lat'>»</span> 
     </span>
     <span class='ocr_line' id='line_1_15' title="bbox 327 2233 1553 2333; baseline -0.002 -22"><span class='ocrx_word' id='word_1_107' title='bbox 327 2236 516 2331; x_wconf 85' lang='lat' dir='ltr'>Quantum</span> <span class='ocrx_word' id='word_1_108' title='bbox 537 2247 658 2309; x_wconf 88' lang='lat' dir='ltr'>autern</span> <span class='ocrx_word' id='word_1_109' title='bbox 679 2234 1025 2310; x_wconf 72' lang='lat' dir='ltr'>Celestina&#39;ceteras</span> <span class='ocrx_word' id='word_1_110' title='bbox 1049 2233 1153 2308; x_wconf 90' lang='lat' dir='ltr'>lenas</span> <span class='ocrx_word' id='word_1_111' title='bbox 1177 2239 1399 2333; x_wconf 86' lang='lat' dir='ltr'>superaverit</span> <span class='ocrx_word' id='word_1_112' title='bbox 1423 2261 1497 2309; x_wconf 94' lang='lat' dir='ltr'>non</span> <span class='ocrx_word' id='word_1_113' title='bbox 1517 2249 1553 2309; x_wconf 91' lang='lat' dir='ltr'>te</span> 
     </span>
     <span class='ocr_line' id='line_1_16' title="bbox 324 2349 1552 2451; baseline -0.002 -25"><span class='ocrx_word' id='word_1_114' title='bbox 324 2351 523 2451; x_wconf 65' lang='lat' dir='ltr'>praeteribit</span> <span class='ocrx_word' id='word_1_115' title='bbox 556 2353 586 2424; x_wconf 91' lang='lat' dir='ltr'>si</span> <span class='ocrx_word' id='word_1_116' title='bbox 625 2351 846 2449; x_wconf 87' lang='lat' dir='ltr'>Sempronio</span> <span class='ocrx_word' id='word_1_117' title='bbox 884 2349 1110 2425; x_wconf 88' lang='lat' dir='ltr'>credideris:</span> <span class='ocrx_word' id='word_1_118' title='bbox 1145 2351 1363 2451; x_wconf 72' lang='lat' dir='ltr'>«Quinque</span> <span class='ocrx_word' id='word_1_119' title='bbox 1396 2353 1552 2450; x_wconf 88' lang='lat' dir='ltr'>amplius</span> 
     </span>
     <span class='ocr_line' id='line_1_17' title="bbox 324 2466 1552 2566; baseline 0.001 -25"><span class='ocrx_word' id='word_1_120' title='bbox 324 2469 441 2542; x_wconf 91' lang='lat' dir='ltr'>millia</span> <span class='ocrx_word' id='word_1_121' title='bbox 460 2468 583 2543; x_wconf 88' lang='lat' dir='ltr'>audivi</span> <span class='ocrx_word' id='word_1_122' title='bbox 615 2467 832 2540; x_wconf 79' lang='lat' dir='ltr'>feminarum</span> <span class='ocrx_word' id='word_1_123' title='bbox 863 2466 923 2540; x_wconf 93' lang='lat' dir='ltr'>hic</span> <span class='ocrx_word' id='word_1_124' title='bbox 948 2493 1028 2540; x_wconf 90' lang='lat' dir='ltr'>esse</span> <span class='ocrx_word' id='word_1_125' title='bbox 1059 2493 1151 2565; x_wconf 92' lang='lat' dir='ltr'>quas</span> <span class='ocrx_word' id='word_1_126' title='bbox 1181 2467 1237 2541; x_wconf 73' lang='lat' dir='ltr'>de‘</span> <span class='ocrx_word' id='word_1_127' title='bbox 1259 2467 1464 2566; x_wconf 87' lang='lat' dir='ltr'>virginibus</span> <span class='ocrx_word' id='word_1_128' title='bbox 1487 2468 1552 2542; x_wconf 89' lang='lat' dir='ltr'>illa</span> 
     </span>
     <span class='ocr_line' id='line_1_18' title="bbox 323 2583 1548 2683; baseline -0.002 -25"><span class='ocrx_word' id='word_1_129' title='bbox 323 2583 503 2677; x_wconf 88' lang='lat' dir='ltr'>mulieres,</span> <span class='ocrx_word' id='word_1_130' title='bbox 529 2584 575 2658; x_wconf 90' lang='lat' dir='ltr'>de</span> <span class='ocrx_word' id='word_1_131' title='bbox 599 2583 811 2658; x_wconf 88' lang='lat' dir='ltr'>mulieribus</span> <span class='ocrx_word' id='word_1_132' title='bbox 840 2586 1002 2680; x_wconf 86' lang='lat' dir='ltr'>virgines</span> <span class='ocrx_word' id='word_1_133' title='bbox 1037 2588 1253 2657; x_wconf 86' lang='lat' dir='ltr'>auctoritate</span> <span class='ocrx_word' id='word_1_134' title='bbox 1277 2610 1344 2658; x_wconf 90' lang='lat' dir='ltr'>sna</span> <span class='ocrx_word' id='word_1_135' title='bbox 1372 2609 1436 2683; x_wconf 88' lang='lat' dir='ltr'>per</span> <span class='ocrx_word' id='word_1_136' title='bbox 1460 2584 1548 2658; x_wconf 89' lang='lat' dir='ltr'>civi·</span> 
     </span>
     <span class='ocr_line' id='line_1_19' title="bbox 320 2699 1549 2798; baseline -0.004 -21"><span class='ocrx_word' id='word_1_137' title='bbox 320 2715 433 2778; x_wconf 87' lang='lat' dir='ltr'>tatem</span> <span class='ocrx_word' id='word_1_138' title='bbox 448 2700 584 2774; x_wconf 88' lang='lat' dir='ltr'>lecerit.</span> <span class='ocrx_word' id='word_1_139' title='bbox 611 2700 733 2774; x_wconf 88' lang='lat' dir='ltr'>Ludus</span> <span class='ocrx_word' id='word_1_140' title='bbox 753 2703 785 2772; x_wconf 92' lang='lat' dir='ltr'>ei</span> <span class='ocrx_word' id='word_1_141' title='bbox 802 2713 1016 2773; x_wconf 85' lang='lat' dir='ltr'>temeratum</span> <span class='ocrx_word' id='word_1_142' title='bbox 1035 2699 1225 2798; x_wconf 84' lang='lat' dir='ltr'>pudicitiae</span> <span class='ocrx_word' id='word_1_143' title='bbox 1239 2699 1365 2773; x_wconf 86' lang='lat' dir='ltr'>florem</span> <span class='ocrx_word' id='word_1_144' title='bbox 1387 2703 1549 2773; x_wconf 86' lang='lat' dir='ltr'>mentitis</span> 
     </span>
     <span class='ocr_line' id='line_1_20' title="bbox 321 2815 1546 2915; baseline -0.002 -22"><span class='ocrx_word' id='word_1_145' title='bbox 321 2817 504 2894; x_wconf 90' lang='lat' dir='ltr'>machinis</span> <span class='ocrx_word' id='word_1_146' title='bbox 522 2841 587 2915; x_wconf 89' lang='lat' dir='ltr'>pro</span> <span class='ocrx_word' id='word_1_147' title='bbox 607 2819 749 2913; x_wconf 86' lang='lat' dir='ltr'>integro</span> <span class='ocrx_word' id='word_1_148' title='bbox 764 2815 931 2892; x_wconf 88' lang='lat' dir='ltr'>vendere.</span> <span class='ocrx_word' id='word_1_149' title='bbox 951 2818 1045 2889; x_wconf 84' lang='lat' dir='ltr'>Haec</span> <span class='ocrx_word' id='word_1_150' title='bbox 1059 2815 1271 2890; x_wconf 86' lang='lat' dir='ltr'>durissimas</span> <span class='ocrx_word' id='word_1_151' title='bbox 1290 2819 1402 2889; x_wconf 90' lang='lat' dir='ltr'>etiam</span> <span class='ocrx_word' id='word_1_152' title='bbox 1414 2826 1546 2913; x_wconf 77' lang='lat' dir='ltr'>petraS,</span> 
     </span>
     <span class='ocr_line' id='line_1_21' title="bbox 322 2930 1549 3023; baseline -0.002 -13"><span class='ocrx_word' id='word_1_153' title='bbox 322 2932 432 3010; x_wconf 90' lang='lat' dir='ltr'>modo</span> <span class='ocrx_word' id='word_1_154' title='bbox 464 2931 563 3023; x_wconf 88' lang='lat' dir='ltr'>velit,</span> <span class='ocrx_word' id='word_1_155' title='bbox 604 2933 641 3006; x_wconf 91' lang='lat' dir='ltr'>in</span> <span class='ocrx_word' id='word_1_156' title='bbox 679 2930 872 3005; x_wconf 87' lang='lat' dir='ltr'>libidinem</span> <span class='ocrx_word' id='word_1_157' title='bbox 905 2956 1133 3005; x_wconf 90' lang='lat' dir='ltr'>commovere</span> <span class='ocrx_word' id='word_1_158' title='bbox 1165 2931 1312 3004; x_wconf 80' lang='lat' dir='ltr'>valet».</span> <span class='ocrx_word' id='word_1_159' title='bbox 1349 2931 1549 3008; x_wconf 86' lang='lat' dir='ltr'>Celestinae</span> 
     </span>
     <span class='ocr_line' id='line_1_22' title="bbox 322 3047 1547 3149; baseline -0.003 -23"><span class='ocrx_word' id='word_1_160' title='bbox 322 3051 433 3149; x_wconf 85' lang='lat' dir='ltr'>igitur</span> <span class='ocrx_word' id='word_1_161' title='bbox 463 3049 595 3124; x_wconf 91' lang='lat' dir='ltr'>domus</span> <span class='ocrx_word' id='word_1_162' title='bbox 632 3047 744 3146; x_wconf 87' lang='lat' dir='ltr'>longa</span> <span class='ocrx_word' id='word_1_163' title='bbox 776 3060 812 3120; x_wconf 89' lang='lat' dir='ltr'>et</span> <span class='ocrx_word' id='word_1_164' title='bbox 849 3072 1019 3145; x_wconf 88' lang='lat' dir='ltr'>prospera</span> <span class='ocrx_word' id='word_1_165' title='bbox 1055 3073 1123 3122; x_wconf 91' lang='lat' dir='ltr'>usa</span> <span class='ocrx_word' id='word_1_166' title='bbox 1168 3059 1223 3121; x_wconf 91' lang='lat' dir='ltr'>est</span> <span class='ocrx_word' id='word_1_167' title='bbox 1268 3047 1422 3137; x_wconf 75' lang='lat' dir='ltr'>fortuna,</span> <span class='ocrx_word' id='word_1_168' title='bbox 1466 3074 1547 3140; x_wconf 89' lang='lat' dir='ltr'>nec,</span> 
     </span>
     <span class='ocr_line' id='line_1_23' title="bbox 322 3155 1547 3268; baseline -0.003 -27"><span class='ocrx_word' id='word_1_169' title='bbox 322 3168 490 3268; x_wconf 87' lang='lat' dir='ltr'>quamvis</span> <span class='ocrx_word' id='word_1_170' title='bbox 509 3166 556 3239; x_wconf 89' lang='lat' dir='ltr'>ad</span> <span class='ocrx_word' id='word_1_171' title='bbox 576 3188 687 3262; x_wconf 91' lang='lat' dir='ltr'>parva</span> <span class='ocrx_word' id='word_1_172' title='bbox 705 3155 852 3237; x_wconf 84' lang='lat' dir='ltr'>redacta</span> <span class='ocrx_word' id='word_1_173' title='bbox 877 3166 936 3253; x_wconf 90' lang='lat' dir='ltr'>sit,</span> <span class='ocrx_word' id='word_1_174' title='bbox 954 3167 1056 3236; x_wconf 92' lang='lat' dir='ltr'>omni</span> <span class='ocrx_word' id='word_1_175' title='bbox 1076 3189 1145 3262; x_wconf 88' lang='lat' dir='ltr'>ope</span> <span class='ocrx_word' id='word_1_176' title='bbox 1162 3188 1279 3237; x_wconf 89' lang='lat' dir='ltr'>vacua</span> <span class='ocrx_word' id='word_1_177' title='bbox 1301 3177 1356 3238; x_wconf 89' lang='lat' dir='ltr'>est</span> <span class='ocrx_word' id='word_1_178' title='bbox 1381 3177 1416 3239; x_wconf 89' lang='lat' dir='ltr'>et</span> <span class='ocrx_word' id='word_1_179' title='bbox 1436 3165 1547 3239; x_wconf 90' lang='lat' dir='ltr'>nuda.</span> 
     </span>
     <span class='ocr_line' id='line_1_24' title="bbox 371 3278 1543 3383; baseline -0.003 -26"><span class='ocrx_word' id='word_1_180' title='bbox 371 3283 456 3357; x_wconf 94' lang='lat' dir='ltr'>Non</span> <span class='ocrx_word' id='word_1_181' title='bbox 476 3285 597 3355; x_wconf 90' lang='lat' dir='ltr'>minus</span> <span class='ocrx_word' id='word_1_182' title='bbox 616 3279 806 3354; x_wconf 89' lang='lat' dir='ltr'>horrendis</span> <span class='ocrx_word' id='word_1_183' title='bbox 820 3278 927 3353; x_wconf 92' lang='lat' dir='ltr'>rebus</span> <span class='ocrx_word' id='word_1_184' title='bbox 943 3305 1053 3377; x_wconf 86' lang='lat' dir='ltr'>quam</span> <span class='ocrx_word' id='word_1_185' title='bbox 1069 3278 1311 3383; x_wconf 75' lang='lat' dir='ltr'>familiaribus</span> <span class='ocrx_word' id='word_1_186' title='bbox 1325 3293 1361 3353; x_wconf 91' lang='lat' dir='ltr'>et</span> <span class='ocrx_word' id='word_1_187' title='bbox 1376 3280 1543 3354; x_wconf 92' lang='lat' dir='ltr'>licentio·</span> 
     </span>
     <span class='ocr_line' id='line_1_25' title="bbox 258 3394 1549 3496; baseline -0.004 -23"><span class='ocrx_word' id='word_1_188' title='bbox 258 3437 262 3444; x_wconf 54' lang='lat'><strong><em>¹</em></strong></span> <span class='ocrx_word' id='word_1_189' title='bbox 320 3399 422 3473; x_wconf 89' lang='lat' dir='ltr'>ribus</span> <span class='ocrx_word' id='word_1_190' title='bbox 457 3397 692 3471; x_wconf 88' lang='lat' dir='ltr'>Fernandum</span> <span class='ocrx_word' id='word_1_191' title='bbox 720 3399 763 3469; x_wconf 86' lang='lat' dir='ltr'>de</span> <span class='ocrx_word' id='word_1_192' title='bbox 789 3395 905 3496; x_wconf 85' lang='lat' dir='ltr'>Rojas</span> <span class='ocrx_word' id='word_1_193' title='bbox 935 3395 1127 3492; x_wconf 86' lang='lat' dir='ltr'>indulgere</span> <span class='ocrx_word' id='word_1_194' title='bbox 1155 3394 1341 3492; x_wconf 86' lang='lat' dir='ltr'>intelliges</span> <span class='ocrx_word' id='word_1_195' title='bbox 1370 3399 1400 3467; x_wconf 91' lang='lat' dir='ltr'>si</span> <span class='ocrx_word' id='word_1_196' title='bbox 1431 3398 1549 3493; x_wconf 88' lang='lat' dir='ltr'>magis</span> 
     </span>
     <span class='ocr_line' id='line_1_26' title="bbox 321 3511 1551 3614; baseline -0.003 -25"><span class='ocrx_word' id='word_1_197' title='bbox 321 3520 513 3614; x_wconf 84' lang='lat' dir='ltr'>magisque</span> <span class='ocrx_word' id='word_1_198' title='bbox 545 3513 772 3587; x_wconf 89' lang='lat' dir='ltr'>tremendam</span> <span class='ocrx_word' id='word_1_199' title='bbox 801 3513 914 3586; x_wconf 90' lang='lat' dir='ltr'>finem</span> <span class='ocrx_word' id='word_1_200' title='bbox 949 3511 1146 3585; x_wconf 87' lang='lat' dir='ltr'>meditatus</span> <span class='ocrx_word' id='word_1_201' title='bbox 1172 3514 1243 3585; x_wconf 88' lang='lat' dir='ltr'>eris</span> <span class='ocrx_word' id='word_1_202' title='bbox 1276 3537 1360 3610; x_wconf 84' lang='lat' dir='ltr'>quae</span> <span class='ocrx_word' id='word_1_203' title='bbox 1380 3511 1551 3586; x_wconf 88' lang='lat' dir='ltr'>dominos</span> 
     </span>
     <span class='ocr_line' id='line_1_27' title="bbox 320 3627 1544 3728; baseline -0.002 -23"><span class='ocrx_word' id='word_1_204' title='bbox 320 3643 502 3705; x_wconf 88' lang='lat' dir='ltr'>amatores</span> <span class='ocrx_word' id='word_1_205' title='bbox 533 3655 642 3728; x_wconf 87' lang='lat' dir='ltr'>aeque</span> <span class='ocrx_word' id='word_1_206' title='bbox 667 3655 710 3702; x_wconf 87' lang='lat' dir='ltr'>ac</span> <span class='ocrx_word' id='word_1_207' title='bbox 744 3631 932 3702; x_wconf 90' lang='lat' dir='ltr'>ministros</span> <span class='ocrx_word' id='word_1_208' title='bbox 952 3653 1112 3727; x_wconf 85' lang='lat' dir='ltr'>nequam</span> <span class='ocrx_word' id='word_1_209' title='bbox 1133 3642 1168 3700; x_wconf 91' lang='lat' dir='ltr'>et</span> <span class='ocrx_word' id='word_1_210' title='bbox 1188 3627 1306 3700; x_wconf 89' lang='lat' dir='ltr'>malos</span> <span class='ocrx_word' id='word_1_211' title='bbox 1332 3640 1458 3702; x_wconf 89' lang='lat' dir='ltr'>secuta</span> <span class='ocrx_word' id='word_1_212' title='bbox 1477 3640 1544 3702; x_wconf 86' lang='lat' dir='ltr'>est.</span> 
     </span>
     <span class='ocr_line' id='line_1_28' title="bbox 320 3740 1546 3843; baseline -0.005 -23"><span class='ocrx_word' id='word_1_213' title='bbox 320 3743 478 3820; x_wconf 90' lang='lat' dir='ltr'>Multum</span> <span class='ocrx_word' id='word_1_214' title='bbox 511 3742 584 3843; x_wconf 86' lang='lat' dir='ltr'>jam</span> <span class='ocrx_word' id='word_1_215' title='bbox 619 3741 834 3818; x_wconf 84' lang='lat' dir='ltr'>offensionis</span> <span class='ocrx_word' id='word_1_216' title='bbox 873 3740 1089 3841; x_wconf 82' lang='lat' dir='ltr'>Sempronio</span> <span class='ocrx_word' id='word_1_217' title='bbox 1125 3755 1160 3816; x_wconf 91' lang='lat' dir='ltr'>et</span> <span class='ocrx_word' id='word_1_218' title='bbox 1192 3743 1375 3816; x_wconf 84' lang='lat' dir='ltr'>Parmeno</span> <span class='ocrx_word' id='word_1_219' title='bbox 1408 3740 1546 3816; x_wconf 88' lang='lat' dir='ltr'>babent</span> 
     </span>
     <span class='ocr_line' id='line_1_29' title="bbox 321 3858 1547 3955; baseline -0.005 -19"><span class='ocrx_word' id='word_1_220' title='bbox 321 3888 403 3936; x_wconf 80' lang='lat' dir='ltr'>eum</span> <span class='ocrx_word' id='word_1_221' title='bbox 418 3860 554 3936; x_wconf 86' lang='lat' dir='ltr'>vetulae</span> <span class='ocrx_word' id='word_1_222' title='bbox 584 3863 738 3934; x_wconf 88' lang='lat' dir='ltr'>avaritia</span> <span class='ocrx_word' id='word_1_223' title='bbox 757 3859 897 3932; x_wconf 83' lang='lat' dir='ltr'>efferati</span> <span class='ocrx_word' id='word_1_224' title='bbox 919 3863 957 3932; x_wconf 97' lang='lat' dir='ltr'>in</span> <span class='ocrx_word' id='word_1_225' title='bbox 986 3858 1107 3931; x_wconf 89' lang='lat' dir='ltr'>lenam</span> <span class='ocrx_word' id='word_1_226' title='bbox 1129 3863 1269 3933; x_wconf 91' lang='lat' dir='ltr'>irruunt</span> <span class='ocrx_word' id='word_1_227' title='bbox 1290 3883 1401 3955; x_wconf 91' lang='lat' dir='ltr'>quam</span> <span class='ocrx_word' id='word_1_228' title='bbox 1422 3862 1547 3931; x_wconf 94' lang='lat' dir='ltr'>incon·</span> 
     </span>
     <span class='ocr_line' id='line_1_30' title="bbox 321 3975 1547 4078; baseline -0.003 -26"><span class='ocrx_word' id='word_1_229' title='bbox 321 3979 454 4054; x_wconf 86' lang='lat' dir='ltr'>lessam</span> <span class='ocrx_word' id='word_1_230' title='bbox 474 3992 511 4078; x_wconf 80' lang='lat' dir='ltr'>et</span> <span class='ocrx_word' id='word_1_231' title='bbox 530 3989 708 4050; x_wconf 80' lang='lat' dir='ltr'>mortuam</span> <span class='ocrx_word' id='word_1_232' title='bbox 729 3975 941 4074; x_wconf 88' lang='lat' dir='ltr'>relinquunt</span> <span class='ocrx_word' id='word_1_233' title='bbox 970 3976 1073 4069; x_wconf 84' lang='lat' dir='ltr'>Quas</span> <span class='ocrx_word' id='word_1_234' title='bbox 1092 4000 1176 4049; x_wconf 88' lang='lat' dir='ltr'>vero</span> <span class='ocrx_word' id='word_1_235' title='bbox 1196 3979 1392 4049; x_wconf 90' lang='lat' dir='ltr'>atrociores</span> <span class='ocrx_word' id='word_1_236' title='bbox 1417 3999 1547 4073; x_wconf 86' lang='lat' dir='ltr'>poenas</span> 
     </span>
     <span class='ocr_line' id='line_1_31' title="bbox 320 4089 1543 4190; baseline -0.003 -24"><span class='ocrx_word' id='word_1_237' title='bbox 320 4094 426 4169; x_wconf 91' lang='lat' dir='ltr'>luunt</span> <span class='ocrx_word' id='word_1_238' title='bbox 454 4093 540 4168; x_wconf 92' lang='lat' dir='ltr'>dum</span> <span class='ocrx_word' id='word_1_239' title='bbox 566 4118 616 4184; x_wconf 88' lang='lat' dir='ltr'>se,</span> <span class='ocrx_word' id='word_1_240' title='bbox 646 4105 686 4167; x_wconf 91' lang='lat' dir='ltr'>ut</span> <span class='ocrx_word' id='word_1_241' title='bbox 708 4091 887 4190; x_wconf 84' lang='lat' dir='ltr'>judicium</span> <span class='ocrx_word' id='word_1_242' title='bbox 916 4090 1072 4190; x_wconf 78' lang='lat' dir='ltr'>fugiant,</span> <span class='ocrx_word' id='word_1_243' title='bbox 1096 4095 1135 4164; x_wconf 96' lang='lat' dir='ltr'>in</span> <span class='ocrx_word' id='word_1_244' title='bbox 1154 4117 1313 4189; x_wconf 82' lang='lat' dir='ltr'>praeceps</span> <span class='ocrx_word' id='word_1_245' title='bbox 1331 4089 1470 4187; x_wconf 86' lang='lat' dir='ltr'>jaciunt</span> <span class='ocrx_word' id='word_1_246' title='bbox 1495 4102 1543 4176; x_wconf 90' lang='lat' dir='ltr'>et,</span> 
     </span>
     <span class='ocr_line' id='line_1_32' title="bbox 318 4205 1571 4308; baseline -0.006 -24"><span class='ocrx_word' id='word_1_247' title='bbox 318 4207 488 4284; x_wconf 89' lang='lat' dir='ltr'>cadendo</span> <span class='ocrx_word' id='word_1_248' title='bbox 516 4209 671 4298; x_wconf 90' lang='lat' dir='ltr'>contusi,</span> <span class='ocrx_word' id='word_1_249' title='bbox 705 4211 886 4308; x_wconf 87' lang='lat' dir='ltr'>sanguine</span> <span class='ocrx_word' id='word_1_250' title='bbox 920 4221 956 4281; x_wconf 91' lang='lat' dir='ltr'>et</span> <span class='ocrx_word' id='word_1_251' title='bbox 986 4212 1096 4281; x_wconf 89' lang='lat' dir='ltr'>etiam</span> <span class='ocrx_word' id='word_1_252' title='bbox 1118 4207 1266 4281; x_wconf 87' lang='lat' dir='ltr'>cerebro</span> <span class='ocrx_word' id='word_1_253' title='bbox 1282 4205 1425 4295; x_wconf 91' lang='lat' dir='ltr'>imbuti,</span> <span class='ocrx_word' id='word_1_254' title='bbox 1449 4207 1571 4303; x_wconf 61' lang='lat' dir='ltr'>pati-⁸</span> 
     </span>
     <span class='ocr_line' id='line_1_33' title="bbox 317 4320 1556 4423; baseline -0.006 -24"><span class='ocrx_word' id='word_1_255' title='bbox 317 4325 404 4400; x_wconf 94' lang='lat' dir='ltr'>bulo</span> <span class='ocrx_word' id='word_1_256' title='bbox 420 4323 635 4423; x_wconf 84' lang='lat' dir='ltr'>affiguntur!</span> <span class='ocrx_word' id='word_1_257' title='bbox 659 4325 751 4417; x_wconf 84' lang='lat' dir='ltr'>Quae</span> <span class='ocrx_word' id='word_1_258' title='bbox 769 4322 922 4397; x_wconf 80' lang='lat' dir='ltr'>infanda</span> <span class='ocrx_word' id='word_1_259' title='bbox 942 4349 1025 4398; x_wconf 88' lang='lat' dir='ltr'>curn</span> <span class='ocrx_word' id='word_1_260' title='bbox 1046 4323 1093 4395; x_wconf 91' lang='lat' dir='ltr'>ab</span> <span class='ocrx_word' id='word_1_261' title='bbox 1109 4349 1272 4420; x_wconf 89' lang='lat' dir='ltr'>agasone</span> <span class='ocrx_word' id='word_1_262' title='bbox 1293 4323 1403 4395; x_wconf 89' lang='lat' dir='ltr'>Sosia</span> <span class='ocrx_word' id='word_1_263' title='bbox 1429 4320 1556 4421; x_wconf 44' lang='lat' dir='ltr'>audit&#39;</span> 
     </span>
     <span class='ocr_line' id='line_1_34' title="bbox 315 4439 1544 4536; baseline -0.006 -21"><span class='ocrx_word' id='word_1_264' title='bbox 315 4441 455 4515; x_wconf 89' lang='lat' dir='ltr'>intimis</span> <span class='ocrx_word' id='word_1_265' title='bbox 483 4439 630 4517; x_wconf 80' lang='lat' dir='ltr'>Calr&#39;sto</span> <span class='ocrx_word' id='word_1_266' title='bbox 647 4440 817 4515; x_wconf 91' lang='lat' dir='ltr'>sensibus</span> <span class='ocrx_word' id='word_1_267' title='bbox 841 4441 1087 4530; x_wconf 69' lang='lat' dir='ltr'>exhorrescit,</span> <span class='ocrx_word' id='word_1_268' title='bbox 1124 4439 1309 4536; x_wconf 80' lang='lat' dir='ltr'>trigidiore</span> <span class='ocrx_word' id='word_1_269' title='bbox 1330 4453 1455 4512; x_wconf 87' lang='lat' dir='ltr'>tamen</span> <span class='ocrx_word' id='word_1_270' title='bbox 1475 4463 1544 4510; x_wconf 88' lang='lat' dir='ltr'>nos</span> 
     </span>
     <span class='ocr_line' id='line_1_35' title="bbox 316 4538 1545 4656; baseline -0.002 -26"><span class='ocrx_word' id='word_1_271' title='bbox 316 4557 461 4631; x_wconf 90' lang='lat' dir='ltr'>horrore</span> <span class='ocrx_word' id='word_1_272' title='bbox 481 4555 613 4631; x_wconf 91' lang='lat' dir='ltr'>afficiet</span> <span class='ocrx_word' id='word_1_273' title='bbox 639 4561 700 4656; x_wconf 93' lang='lat' dir='ltr'>qui</span> <span class='ocrx_word' id='word_1_274' title='bbox 723 4580 808 4629; x_wconf 87' lang='lat' dir='ltr'>mox</span> <span class='ocrx_word' id='word_1_275' title='bbox 832 4583 852 4629; x_wconf 92' lang='lat' dir='ltr'>e</span> <span class='ocrx_word' id='word_1_276' title='bbox 877 4555 1046 4629; x_wconf 82' lang='lat' dir='ltr'>Melibcae</span> <span class='ocrx_word' id='word_1_277' title='bbox 1075 4538 1268 4653; x_wconf 83' lang='lat' dir='ltr'>complexu</span> <span class='ocrx_word' id='word_1_278' title='bbox 1293 4554 1440 4629; x_wconf 86' lang='lat' dir='ltr'>avulsus</span> <span class='ocrx_word' id='word_1_279' title='bbox 1465 4551 1545 4628; x_wconf 92' lang='lat' dir='ltr'>solo</span> 
     </span>
     <span class='ocr_line' id='line_1_36' title="bbox 317 4667 1544 4772; baseline -0.005 -26"><span class='ocrx_word' id='word_1_280' title='bbox 317 4687 428 4770; x_wconf 87' lang='lat' dir='ltr'>caput</span> <span class='ocrx_word' id='word_1_281' title='bbox 453 4671 632 4772; x_wconf 89' lang='lat' dir='ltr'>impinget</span> <span class='ocrx_word' id='word_1_282' title='bbox 660 4697 728 4745; x_wconf 89' lang='lat' dir='ltr'>nec</span> <span class='ocrx_word' id='word_1_283' title='bbox 756 4671 875 4769; x_wconf 88' lang='lat' dir='ltr'>magis</span> <span class='ocrx_word' id='word_1_284' title='bbox 905 4695 1016 4770; x_wconf 89' lang='lat' dir='ltr'>quam</span> <span class='ocrx_word' id='word_1_285' title='bbox 1043 4670 1231 4744; x_wconf 88' lang='lat' dir='ltr'>Celestina</span> <span class='ocrx_word' id='word_1_286' title='bbox 1255 4682 1402 4745; x_wconf 85' lang='lat' dir='ltr'>aeternae</span> <span class='ocrx_word' id='word_1_287' title='bbox 1417 4667 1544 4742; x_wconf 90' lang='lat' dir='ltr'>salutis</span> 
     </span>
     <span class='ocr_line' id='line_1_37' title="bbox 318 4786 1542 4889; baseline -0.005 -25"><span class='ocrx_word' id='word_1_288' title='bbox 318 4813 419 4889; x_wconf 87' lang='lat' dir='ltr'>spem</span> <span class='ocrx_word' id='word_1_289' title='bbox 439 4789 669 4864; x_wconf 74' lang='lat' dir='ltr'>confessione</span> <span class='ocrx_word' id='word_1_290' title='bbox 691 4787 840 4863; x_wconf 80' lang='lat' dir='ltr'>auferet.</span> <span class='ocrx_word' id='word_1_291' title='bbox 860 4787 918 4862; x_wconf 92' lang='lat' dir='ltr'>Ad</span> <span class='ocrx_word' id='word_1_292' title='bbox 935 4813 1097 4864; x_wconf 91' lang='lat' dir='ltr'>summos</span> <span class='ocrx_word' id='word_1_293' title='bbox 1117 4787 1276 4886; x_wconf 90' lang='lat' dir='ltr'>denique</span> <span class='ocrx_word' id='word_1_294' title='bbox 1292 4790 1406 4860; x_wconf 87' lang='lat' dir='ltr'>animi</span> <span class='ocrx_word' id='word_1_295' title='bbox 1427 4786 1542 4858; x_wconf 84' lang='lat' dir='ltr'>nostri</span> 
     </span>
    </p>
   </div>
   <div class='ocr_carea' id='block_1_3' title="bbox 0 0 1742 5609">
    <p class='ocr_par' dir='ltr' id='par_1_3' title="bbox 0 0 1742 5609">
     <span class='ocr_line' id='line_1_38' title="bbox 0 0 1742 5609; baseline 0 3"><span class='ocrx_word' id='word_1_296' title='bbox 0 0 1742 5609; x_wconf 95' lang='lat' dir='ltr'> </span> 
     </span>
    </p>
   </div>
  </div>
 </body>
</html>
