3475 5609
670 535 834 607 -ss-

31 705 32 728 ¹
152 711 286 762 novam
305 685 445 761 iaciunt
474 689 572 760 viam
592 711 704 784 quam
737 689 891 785 ingressi
918 685 1164 786 hispaniensis
1182 689 1395 780 comoediae;
1510 679 1516 688 ⁴

31 781 32 792 ¹
150 805 332 902 principes
359 802 570 876 laetissimos
600 801 795 900 decerpent
825 799 944 876 flores.
970 803 1137 877 «Auta»
1171 805 1274 880 illum
1295 806 1376 904 lege

31 939 33 970 >
152 922 238 994 oda
263 921 385 995 Barca
403 921 451 993 da
475 917 608 996 Gloria
629 949 649 990 »
669 922 733 1017 qui
763 932 967 993 nostrarum
989 949 1008 990 «
1037 920 1168 995 Mortis
1202 922 1375 1024 Saltatio-

152 1061 274 1112 numi>
305 1039 517 1110 memoriam
556 1034 661 1109 relert
691 1033 912 1134 tragicisque
935 1050 971 1110 et
995 1038 1192 1113 tremendis
1212 1041 1376 1115 versibus

52 1195 53 1202 .
152 1179 225 1228 non
241 1155 460 1226 commoveri
482 1177 556 1225 non
575 1155 710 1250 poteris
732 1151 864 1250 quibus
879 1152 999 1226 nullos
1021 1157 1059 1226 in
1079 1156 1172 1228 «El
1194 1157 1301 1259 Va'aje
1317 1158 1381 1231 olel

150 1270 260 1344 Alma
277 1299 297 1340 s
326 1272 512 1367 graviores
542 1268 634 1367 [ope
662 1269 705 1341 de
731 1268 827 1368 Vaga
855 1269 1000 1342 scribet.
1033 1269 1089 1344 Ne
1118 1270 1221 1369 plura
1238 1274 1372 1366 dicam,
1400 1303 1428 1367 s

151 1384 238 1482 quid
256 1384 439 1459 calderon
450 1383 496 1457 ad
513 1382 732 1458 catholicam
746 1382 959 1481 religionem
973 1384 1225 1461 illustrandam
1241 1390 1378 1464 effinxit

150 1505 208 1574 cui
225 1526 300 1574 non
327 1499 519 1599 praeclarus
537 1529 555 1568 «
571 1501 667 1573 Auta
686 1499 749 1572 del
764 1499 876 1573 Almo
893 1530 912 1570 »
929 1499 1063 1598 dignus
1083 1507 1129 1576 sit
1149 1504 1211 1603 qui
1230 1533 1376 1606 compa-

30 1605 32 1634 *
150 1617 272 1690 retur?
289 1615 539 1692 Dramaticum
559 1639 643 1690 vero
662 1640 779 1713 genus
800 1614 890 1690 illud
910 1631 946 1690 et
961 1632 1035 1691 tam
1056 1621 1232 1718 singulari
1252 1627 1378 1722 praedi·

30 1741 31 1782 ³
151 1746 228 1806 tum
248 1756 378 1830 sapore
399 1758 473 1807 non
489 1745 574 1806 ante
594 1743 716 1828 regern
746 1728 957 1830 Philippum
977 1753 1144 1832 quartum
1171 1737 1219 1810 ad
1238 1738 1376 1837 frugem

151 1851 349 1946 perveniet.
362 1849 507 1922 Etenim
519 1871 638 1947 neque
646 1847 755 1946 Jaao
765 1848 915 1938 Pastor,
927 1874 1047 1948 neque
1060 1851 1243 1953 Yanguas‚
1258 1881 1379 1955 neque

155 1965 299 2040 Saarea
331 1965 375 2037 de
405 1963 545 2053 Rables,
571 1987 688 2062 neque
703 1961 819 2062 La'pea
838 1964 882 2035 de
903 1964 1021 2038 Ubeda
1039 1970 1205 2043 scenicos
1230 1970 1377 2047 clerico·

154 2107 234 2157 rum
254 2079 360 2155 ludos
376 2079 533 2155 refovere
549 2079 684 2154 valent.
705 2077 783 2154 lllae
799 2094 921 2154 autem
942 2110 962 2150 o
983 2095 1149 2158 saturae»
1169 2099 1232 2161 aut
1245 2114 1378 2164 comoe-

153 2197 227 2270 diae
255 2221 347 2297 quas
373 2195 419 2271 de
453 2197 654 2270 Nativitate
673 2195 884 2270 Bartalome
906 2198 971 2270 del
998 2199 1162 2275 Castilla
1188 2216 1251 2278 aut
1268 2206 1378 2305 Juon

29 2361 30 2378 .
152 2314 189 2386 F
189 2313 354 2388 raroa'sca
385 2315 422 2386 F
422 2315 605 2386 eroandoa
623 2325 848 2409 componunt
869 2338 943 2386 non
962 2314 1009 2387 ad
1024 2321 1181 2414 priorum
1198 2321 1378 2422 Ecgloga-

29 2465 31 2518 p
155 2452 233 2504 rum
247 2427 433 2525 exemplar
451 2427 611 2503 feliciore
626 2428 736 2501 modo
747 2444 961 2502 revocantur
974 2455 1084 2530 quam
1098 2432 1235 2534 dialogi
1251 2463 1381 2514 omnes

29 2587 30 2618 2
153 2546 309 2620 aPedra
324 2546 457 2620 Gomea
477 2545 512 2617 C
513 2541 657 2617 a'snaras
679 2557 742 2617 aut
758 2545 906 2616 Andros
924 2546 968 2618 de
986 2547 1152 2638 Queaea'o
1174 2551 1220 2626 de
1248 2555 1381 2630 Resur-

29 2653 30 2692 ⁴
153 2665 314 2735 rectione
333 2657 468 2756 scripti.
501 2658 585 2751 Quo
617 2657 788 2756 majorem
818 2660 1009 2734 celestino
1033 2669 1169 2740 exitum
1191 2669 1311 2762 habet,
1336 2699 1380 2748 eo

28 2791 30 2838 t
154 2782 331 2872 minorem
364 2788 482 2874 poetae
510 2786 649 2873 partem
670 2774 850 2872 religiosae
874 2775 1049 2854 doct-rinae
1079 2783 1242 2860 tribuunt
1269 2813 1381 2886 quam

28 2895 30 2910 '
152 2907 335 2993 postremo
355 2891 514 2991 profana
529 2889 668 2965 iacetiae
686 2903 722 2965 et
750 2890 938 2966 munditiae
953 2901 1199 2994 comprimunt
1222 2915 1258 2977 et
1273 2904 1381 2980 sulio-

28 3035 29 3062 t
153 3023 252 3085 cant.

202 3126 326 3224 Magis
345 3138 471 3199 contra
488 3125 679 3222 magisque
693 3123 788 3198 fictis
802 3137 837 3198 et
851 3150 978 3221 parurn
999 3131 1255 3210 verisimilibus
1279 3137 1382 3215 labu-

154 3242 200 3318 lis
220 3242 371 3317 student
388 3243 522 3340 quibus
542 3239 580 3312 in
601 3239 877 3314 Comoediarum
904 3242 996 3317 libro
1016 3259 1054 3318 et
1072 3248 1110 3319 in
1129 3247 1274 3326 duabus
1293 3253 1382 3330 Tra·

28 3397 29 3440 i
153 3356 389 3458 gicomoediis
410 3357 538 3429 oDam
558 3356 730 3429 Daardas
754 3387 769 3426 v
788 3370 823 3430 et
840 3386 860 3426 «
880 3359 1036 3433 Amada's
1054 3363 1101 3436 ola
1122 3366 1244 3441 Gaulo
1266 3399 1285 3439 ›>
1314 3371 1387 3448 Gil

28 3541 29 3558 2
162 3471 308 3546 Vicente
332 3468 496 3546 indulsit.
531 3472 639 3544 Nunc
666 3469 826 3568 puellam
848 3472 1014 3550 videmus
1044 3475 1081 3550 in
1104 3480 1284 3580 Hispania
1301 3511 1383 3561 nas·

28 3663 29 3672 χ
156 3599 301 3662 centem
318 3599 453 3662 etcum
471 3586 624 3684 Syriaco
644 3586 807 3685 principe
823 3591 860 3661 in
882 3589 992 3664 Creta
1004 3592 1169 3690 junctam
1189 3601 1381 3698 (Rubena);

157 3731 256 3781 nunc
275 3708 372 3803 regis
390 3702 507 3776 filium
522 3701 643 3775 servili
664 3701 831 3779 indutum
852 3718 952 3779 veste
968 3733 1035 3782 nec
1051 3723 1168 3785 utram
1189 3713 1382 3794 humilium

160 3846 322 3896 sororum
342 3819 612 3894 vehementiore
642 3834 881 3919 prosequatur
904 3847 1027 3898 amore
1058 3831 1128 3901 nisi
1157 3831 1192 3903 in
1223 3846 1385 3910 extrema

28 3975 29 3982 .
157 3951 258 4038 parte
277 3937 535 4011 decernentem
552 3934 744 4032 (Cameda'a
776 3937 819 4008 do
854 3938 1015 4037 Vr'aaa);
1051 3966 1149 4018 nunc
1174 3961 1385 4046 portentosa

28 4061 29 4064 ’
161 4072 197 4128 et
231 4053 384 4128 mirifica
421 4062 554 4124 eventa
586 4077 667 4149 quae
699 4052 777 4126 urbi
812 4053 959 4127 cuidam
994 4060 1158 4157 insignia
1186 4066 1386 4143 attulerunt
1486 4145 1490 4152 ,

167 4169 359 4266 (Cameda'a
378 4161 487 4242 ¹sobre
513 4195 536 4240 o
566 4167 772 4243 Divisada
793 4169 938 4244 Cidade
953 4173 1000 4246 da
1028 4175 1248 4279 Coimbra);
1288 4210 1387 4260 nunc

166 4290 318 4361 insanas
337 4285 482 4360 fraudes
507 4283 641 4382 quibus
670 4299 858 4376 mercator,
881 4312 956 4375 rex,
978 4290 1078 4387 regia
1093 4297 1206 4393 virgo,
1227 4299 1386 4398 Cupido.

28 4401 29 4430 ;
164 4428 234 4501 que
248 4407 325 4500 ipse
345 4404 504 4475 vicissim
526 4398 756 4512 decipiuntur
777 4403 962 4482 (Floresta
975 4406 1020 4477 de
1037 4409 1256 4513 Enganos);
1289 4443 1388 4493 nunc

165 4518 322 4618 denique
357 4515 626 4592 amentissimas
660 4523 998 4594 commenticiarum
1034 4517 1238 4605 fabularum
1280 4537 1389 4632 (Dona

165 4639 340 4712 Duaro'os
363 4650 400 4712 et
419 4631 581 4710 iloaadis
599 4635 646 4707 da
667 4637 818 4734 Gaulo).
851 4639 949 4732 Quae
977 4647 1104 4718 omnia
1138 4647 1387 4746 Hispanorum

168 4752 319 4851 ingenio
346 4757 467 4852 aptius
490 4750 743 4847 congruebant
780 4773 904 4852 quam
924 4767 977 4849 ut,
1009 4769 1110 4833 extra
1133 4763 1388 4845 Lusitanorum

169 4870 262 4944 fines
287 4874 347 4946 vix
376 4892 535 4968 egressa,
567 4892 642 4942 non
672 4871 726 4942 ita
750 4867 918 4946 florerent
944 4883 984 4946 ut
1002 4871 1178 4954 incorum
1197 4887 1392 4967 comoediis
