3475 5609
10 20 330 389 Γ

704 576 863 641 ..49-

219 724 275 807 lta
294 721 334 797 fit
362 736 401 797 ut
423 723 569 798 Calz'sto
594 721 768 822 juvenum
796 745 889 819 quos
911 724 1129 795 recentiores
1149 734 1185 795 et
1203 722 1394 798 dramatici
1473 736 1485 765 ⁸

167 857 288 939 poetae
317 866 440 912 amore
467 840 636 913 ardentes
672 859 770 935 saepe
814 839 1024 937 saepiusque
1054 834 1269 914 effinxerunt
1298 838 1397 915 haud

168 958 349 1029 immerito
375 960 511 1053 primus
531 954 654 1027 haberi
677 953 800 1053 possit.
843 954 963 1045 Quem
996 956 1027 1025 si
1062 952 1225 1027 humana
1255 980 1397 1055 semper

168 1077 388 1145 sentientem
420 1072 562 1145 videbis
593 1100 665 1144 non
686 1070 797 1143 semel
832 1086 955 1146 tamen
989 1068 1108 1142 verbis
1133 1085 1170 1144 et
1203 1074 1395 1146 sententiis

169 1202 332 1260 utentem
359 1186 484 1259 audies
504 1214 603 1286 quae,
625 1202 662 1260 ut
680 1191 730 1259 ita
744 1186 880 1273 dicam,
904 1188 1123 1283 Hispaniam
1143 1186 1307 1261 redolent
1327 1214 1394 1262 nec

169 1304 303 1401 quibus
330 1304 422 1403 Lupe
449 1306 492 1377 de
527 1306 622 1405 tsega
652 1303 800 1403 ejusque
834 1301 1004 1400 discipuli
1034 1307 1267 1401 repugnaturi
1294 1318 1392 1379 sunt.

169 1420 315 1493 Etenim
353 1418 467 1493 multa
508 1434 607 1505 sunt,
642 1418 729 1492 dum
765 1418 938 1516 loquitur,
976 1444 1061 1517 quae
1090 1445 1109 1491 e
1138 1417 1247 1494 solito
1285 1421 1394 1495 modo

166 1535 289 1633 egredi
311 1548 374 1609 aut
392 1533 663 1633 simplicitatem
696 1534 871 1609 excedere
908 1535 1087 1608 videntur.
1119 1534 1252 1609 Nonne
1278 1562 1394 1637 usque

166 1652 214 1725 ad
235 1655 362 1725 vitium
387 1650 651 1750 grandiloquos
676 1651 802 1725 laudes
822 1676 901 1725 esse
915 1648 991 1748 jure
1009 1650 1238 1752 existimabis
1260 1653 1394 1753 quibus

166 1767 366 1841 Melibeam
405 1770 509 1867 quasi
545 1766 651 1840 deam
685 1767 826 1842 extollit
854 1767 956 1866 cujus
985 1766 1037 1840 ori
1064 1766 1157 1840 nihil
1184 1767 1253 1842 nisi
1277 1767 1392 1844 solem

165 1887 283 1983 ipsum
304 1883 458 1958 conferri
471 1908 576 1981 posse
597 1883 773 1981 praedicat
788 1886 805 1957 l
820 1881 1037 1958 Elaboratos
1054 1882 1129 1982 jam
1149 1882 1297 1958 dicendi
1324 1885 1390 1959 cir·

164 2004 284 2076 cuitus
316 1998 467 2074 adhibet
499 1998 633 2099 quibus
663 1998 968 2099 intemperantius
1005 1999 1198 2097 indulgere
1222 2022 1390 2099 personae

164 2115 264 2190 illius
291 2142 314 2189 a
337 2116 549 2189 dramaticis
568 2118 684 2213 poetis
704 2145 723 2185 «
741 2115 858 2215 galan
882 2116 1126 2189 »nominatae
1145 2119 1328 2214 proprium
1353 2128 1390 2193 et

165 2232 331 2305 naturale
363 2230 461 2329 apud
492 2231 678 2329 Hispanos
697 2256 839 2329 semper
869 2229 1073 2304 habebitur.
1109 2229 1253 2324 Calisti,
1288 2231 1387 2308 verbi

10 2366 11 2373 ³
116 2340 295 2451 ¹gratia,
330 2345 427 2421 oculi
448 2372 522 2421 non
553 2346 599 2419 ad
620 2346 828 2437 videndum,
862 2344 959 2421 velut
992 2346 1057 2434 tui,
1081 2360 1223 2421 tantum
1243 2373 1387 2424 accom·
1480 2400 1489 2415 .

12 2960 15 3057 t

13 3058 16 3165 t

164 2463 359 2538 modantur
382 2476 421 2535 ut
445 2466 507 2561 qui
535 2467 639 2560 quasi
668 2460 848 2537 foramina
867 2475 1018 2560 pateant
1038 2466 1076 2537 in
1093 2461 1227 2561 quibus
1245 2462 1386 2539 clavem

163 2604 314 2654 somnus
356 2582 531 2670 immittit,
554 2591 591 2651 et
614 2584 772 2676 postium
793 2603 951 2676 quoque,
971 2581 1002 2651 si
1027 2574 1115 2653 data
1141 2591 1197 2652 est
1223 2583 1382 2671 occasio,

162 2697 285 2771 locum
300 2692 494 2769 obtineant
514 2718 606 2794 quos
621 2692 780 2769 vicissim
800 2693 1002 2791 irrumpunt
1031 2692 1215 2795 cupidinis
1235 2694 1386 2773 vulnera

153 2826 197 2913 pet
235 2808 409 2897 remedia.
435 2808 631 2897 Infelicem,
666 2810 695 2885 si
736 2809 886 2909 quidem
930 2835 1016 2886 vera
1057 2809 1204 2886 Calr'sto
1231 2812 1383 2904 diceret,

161 2926 389 3002 Melibeam!
425 2924 578 3001 Aheneo
616 2940 760 3025 pectore
793 2925 950 3026 praedita
982 2941 1078 3001 esset
1115 2954 1182 3002 nec
1202 2931 1234 3001 ei
1268 2933 1384 3033 virum

160 3048 327 3145 quemvis
347 3046 477 3117 intueri
494 3054 556 3117 aut
575 3046 742 3117 oratione
761 3046 927 3141 prosequi
961 3043 1229 3140 permitteretur
1253 3047 1324 3117 nisi
1344 3058 1385 3119 ut

160 3165 316 3261 sagittas
336 3156 445 3233 simul
466 3156 661 3256 conjiceret
681 3172 716 3230 et
736 3157 865 3257 plagas
887 3156 1079 3257 infligeret.
1105 3158 1197 3232 Haec
1213 3185 1287 3233 non
1307 3174 1382 3234 tam

122 3314 126 3321 ·
161 3288 315 3353 venusta
330 3300 440 3375 quam
466 3272 557 3347 lalsa
584 3290 620 3347 et
642 3278 802 3347 sanitate
821 3272 950 3346 orbata
978 3297 1040 3371 per
1060 3288 1175 3347 totam
1200 3276 1381 3376 Europam

161 3396 266 3493 quasi
292 3391 469 3465 sermonis
491 3389 636 3464 morbus
667 3402 825 3487 evagata
853 3401 963 3476 sunt;
1000 3389 1064 3463 sed
1102 3374 1283 3491 nusquam
1311 3392 1382 3467 sibi

161 3512 281 3608 magis
313 3532 422 3607 quam
463 3510 500 3578 in
532 3507 713 3604 Hispania
733 3516 974 3603 praeparatam
1009 3520 1138 3580 terram
1171 3518 1208 3580 et
1245 3520 1382 3583 certum

160 3622 387 3699 domicilium
414 3632 611 3695 consecuta
638 3634 736 3695 sunt.

210 3739 308 3833 Quae
324 3764 404 3813 curn
427 3738 608 3811 interdum
628 3734 790 3810 Melibea
810 3762 957 3835 quoque
978 3735 1153 3811 adhibeat
1178 3763 1217 3812 se
1237 3734 1380 3836 ejudem

159 3882 203 3930 ac
219 3854 366 3931 Calisto
383 3858 506 3953 gentis
521 3878 600 3927 esse
620 3867 743 3953 aperte
762 3852 960 3949 profitetur.
985 3850 1111 3949 Longe
1126 3868 1251 3927 tamen
1276 3853 1381 3927 abest

159 3971 198 4047 ut
213 3967 417 4069 simplicem
438 3968 619 4043 sentiendi
651 3968 796 4042 modum
816 3994 915 4068 saepe
934 3968 1226 4069 supergrediatur
1243 4003 1250 4060 ;
1280 3972 1381 4067 inge·

160 4112 272 4163 nuam
292 4085 419 4162 contra
439 4091 493 4161 sui
511 4090 710 4187 imaginem
722 4085 935 4184 plerumque
946 4084 1077 4157 reddit.
1092 4084 1218 4167 Nimia
1230 4085 1383 4161 fortasse

160 4218 196 4283 et
216 4206 397 4305 Hispanae
415 4206 560 4304 propria
586 4204 638 4277 ira
671 4199 884 4275 accenditur
921 4200 1008 4274 dum
1047 4200 1247 4277 Celestinae
1273 4203 1382 4277 dictis
1483 4254 1487 4265 -

159 4323 327 4398 decorem
347 4344 452 4396 suum
472 4319 601 4394 laesum
617 4344 697 4395 esse
716 4329 840 4416 putat;
869 4344 945 4393 uno
970 4330 1113 4391 tantum
1144 4332 1375 4417 argumento,

162 4438 200 4514 id
219 4436 274 4515 est
294 4464 341 4512 ne
355 4434 466 4513 verbo
485 4427 633 4537 quidem
649 4433 760 4509 decus
780 4459 885 4509 suum
912 4446 1094 4510 tentatum
1113 4459 1193 4509 esse
1212 4434 1379 4529 fateatur,

163 4540 329 4661 impediri
349 4565 469 4656 potest
491 4557 580 4657 quin
599 4548 758 4627 vetulam
791 4554 945 4650 propriis
967 4550 1163 4625 interficiat
1197 4553 1380 4651 manibus.

161 4668 247 4751 Non
283 4698 329 4749 ea
364 4666 419 4747 'est
448 4685 698 4772 tamenquae‚
734 4672 901 4767 quamvis
928 4666 1002 4774 jam
1033 4681 1142 4742 acuto
1163 4670 1318 4765 praedita
1335 4671 1383 4744 sit

161 4778 324 4895 ing'en‘lo,
350 4752 550 4865 Celeslinae
576 4782 670 4861 lictis
706 4798 742 4863 et
780 4780 980 4859 humilibus
1016 4786 1139 4859 causis
1158 4798 1195 4860 et
1214 4785 1383 4885 precibus
