3475 5609
801 589 960 655 -25..

197 828 199 833 Δ
267 744 461 834 postquam
502 736 596 809 banc
641 736 857 834 locupletem
897 737 1046 809 domum
1091 735 1332 809 admiratione
1378 731 1490 806 defixi

267 852 403 925 diutius
437 854 557 924 intuiti
586 865 683 941 sunt,
710 850 966 925 «villancicoi
997 852 1157 949 lepidum
1181 852 1312 950 inquo
1344 835 1491 925 Gaudia

266 966 438 1041 laudibus
457 967 677 1041 extolluntur
697 971 889 1066 incipiunt.
918 971 957 1041 ln
979 969 1091 1040 altero
1112 984 1197 1041 actu
1221 967 1402 1041 inducitur
1420 966 1494 1042 Gr'l

267 1088 328 1183 qui
349 1084 450 1157 uxori
471 1086 661 1181 persuadet
681 1098 720 1159 ut
744 1084 893 1157 vestitus
913 1084 1111 1181 pastorales
1132 1084 1302 1182 deponat,
1320 1097 1355 1157 et
1380 1083 1499 1155 simul'

267 1199 312 1271 ad
335 1200 431 1272 banc
451 1199 644 1273 colendam
665 1205 776 1273 vitam
808 1204 950 1298 quaein
976 1199 1119 1274 aedibus
1143 1225 1327 1295 procerum
1349 1201 1492 1294 degitur

267 1317 401 1416 Mr'ngo
419 1330 454 1389 et
475 1316 611 1417 Mingra
631 1316 693 1388 tali
725 1316 897 1389 invitatos
924 1317 1091 1413 exemplo
1111 1316 1272 1389 adducit.
1297 1318 1370 1410 Qui
1394 1315 1432 1386 lit
1453 1329 1492 1387 ut

267 1431 290 1503 ii
308 1458 436 1505 omnes
456 1434 623 1505 sensibus
643 1432 786 1530 penitus
803 1432 1068 1505 immutentur?
1084 1435 1197 1504 Amor
1212 1457 1342 1528 nempe
1363 1431 1490 1502 harum

267 1552 510 1621 mutationum
542 1574 652 1621 causa
675 1548 737 1637 fit,
775 1548 930 1646 ideoque
948 1550 1057 1649 Jrran
1077 1550 1140 1620 del
1154 1548 1302 1621 Errcr'rm
1337 1547 1490 1642 Rodrigi

265 1666 308 1736 de
328 1668 417 1738 Cota
437 1669 592 1761 vestigia
604 1690 760 1763 sequens
775 1680 810 1737 et
827 1664 945 1737 locum
963 1665 1087 1743 abillo
1103 1680 1210 1763 poeta
1221 1665 1292 1762 jam
1309 1677 1486 1736 tentatum

267 1806 445 1879 usurpans
474 1786 548 1854 suis
581 1780 715 1882 Mr'ngo
748 1794 783 1853 et
822 1783 894 1855 Gz'l
929 1786 1114 1877 negotium
1151 1782 1213 1853 dat
1242 1794 1278 1853 ut
1316 1780 1490 1876 praeclare

265 1896 502 1993 profiteantur
517 1911 654 1994 quanta
675 1898 720 1968 sit
743 1900 887 1969 Amoris
906 1901 1092 1993 potentia;
1125 1911 1162 1969 ut
1182 1897 1301 1969 dulcia
1324 1895 1488 1967 immutet
1586 1983 1589 1987 λ

267 2016 412 2100 amaris,
433 2012 487 2085 rel
505 2038 629 2084 amara
663 2038 782 2085 rursus
802 2016 839 2083 in
861 2011 981 2115 dulcia
1015 2031 1228 2101 convertat;
1261 2026 1299 2084 ut
1334 2011 1491 2084 adducat

267 2126 435 2201 lromines
456 2128 502 2201 ad
518 2130 755 2226 sperandum,¹
778 2129 845 2208 vel.
870 2134 900 2201 si
920 2129 1025 2201 aliter
1043 2131 1194 2228 placeat,
1221 2130 1267 2203 ad
1295 2129 1490 2224 desperan-
1593 2116 1596 2124 ’

265 2244 373 2335 dum,
393 2246 551 2343 denique
571 2261 623 2333 ut,
641 2246 670 2319 si
692 2250 741 2319 ita
762 2246 931 2319 voluntas
950 2252 1083 2319 amoris
1102 2247 1201 2332 ferat,
1224 2247 1286 2318 fiat
1306 2272 1325 2317 e
1346 2258 1489 2341 pastore

267 2366 433 2458 armiger,
452 2389 471 2434 e
492 2362 766 2459 rusticapuella
783 2380 960 2434 matrona.
977 2364 1154 2454 Quamvis
1170 2364 1301 2460 lilingo
1317 2363 1490 2433 rusticum

270 2477 412 2548 vivendi
430 2503 548 2577 genus
563 2492 597 2550 et
613 2478 738 2550 dulces
754 2482 908 2549 rivorum
930 2504 1045 2576 aquas
1064 2478 1276 2575 potantibus
1290 2490 1325 2548 et
1341 2502 1490 2548 somnos

268 2596 304 2663 in
325 2592 450 2666 umbra
463 2608 497 2667 et
519 2620 600 2667 cum
615 2610 725 2667 cantu
741 2598 860 2666 avium
876 2594 1104 2668 decertantes
1122 2607 1303 2692 pastorum
1326 2592 1489 2664 calamos

263 2708 442 2805 desiderio
456 2726 490 2783 et
506 2711 626 2784 studio
647 2725 895 2808 prosequatur.
922 2716 1036 2807 impar
1052 2716 1164 2800 amori
1181 2714 1354 2809 reperitur
1371 2734 1503 2805 nequev

264 2852 301 2899 se
330 2830 464 2899 victum
495 2854 573 2901 esse
603 2827 742 2900 abnuit.
781 2826 903 2924 ltaque
932 2858 948 2893 <2
964 2828 1189 2901 villantiam>
1219 2852 1294 2925 quo
1320 2826 1489 2922 dialogus

262 2946 474 3015 terminatur
509 2936 676 3017 almorem
702 2970 784 3016 euin
821 2970 900 3016 esse
937 2948 994 3017 cui
1022 2972 1130 3017 nemo
1161 2943 1338 3017 obsistere
1374 2946 1488 3040 possit

262 3064 487 3157 pronuntiat,
506 3074 541 3133 et
559 3060 748 3136 hominum
771 3060 1051 3134 moderatorem.

312 3174 410 3247 Nihil
432 3200 520 3248 sanc
538 3180 685 3250 interest
703 3181 795 3249 inter
816 3176 971 3249 bunede
1003 3204 1076 3276 quo
1096 3178 1275 3275 loquimur
1301 3176 1488 3273 dialogum

262 3304 297 3363 et
317 3290 405 3362 illud
436 3288 682 3389 spectaculum
704 3320 802 3367 anno
833 3294 1150 3367 MCCCCXCVH
1172 3294 1295 3365 datum
1323 3296 1379 3363 cui
1404 3292 1489 3366 Gal·

264 3407 366 3478 lardo
399 3432 531 3479 nomen
571 3413 769 3506 imposuit:
808 3413 896 3484 «El
925 3410 1072 3507 trr'rrnfo
1101 3412 1145 3481 de
1177 3413 1324 3481 flator»
1347 3412 1418 3503 (i).
1449 3408 1487 3478 ln
1533 3451 1538 3463 ·

232 3530 239 3544 '
264 3548 409 3595 nemore
425 3542 562 3596 secreto
584 3531 701 3598 aureis
721 3532 864 3623 sagittis
879 3527 972 3600 letas
991 3530 1111 3599 Amori
1130 3529 1284 3623 agitanti
1304 3524 1342 3595 fir
1357 3524 1486 3595 obvius

262 3652 385 3735 pastor
405 3641 541 3739 l'eloyo
567 3668 675 3739 quem
697 3668 810 3715 vanas
833 3648 952 3715 minas
978 3643 1176 3740 jactantem
1206 3646 1343 3737 sagitta
1362 3644 1489 3712 sternit

263 3756 419 3852 Cupido.
454 3758 549 3829 Dum
576 3762 721 3829 saucius
756 3758 876 3831 lucum
916 3759 1136 3831 clamoribus
1176 3757 1312 3853 implet,
1338 3756 1486 3828 adeum

262 3875 369 3943 amici
402 3874 500 3944 Broc
527 3887 562 3943 ct
586 3872 767 3973 Jrrauz'llo
795 3889 1037 3962 concurrunt;
1079 3874 1188 3971 paulo
1222 3890 1302 3970 post
1336 3873 1483 3945 devenit
1587 3925 1597 3941 .

264 3988 430 4083 Armiger
463 3989 535 4085 qui,
580 4008 692 4060 morte
728 3995 881 4085 pastoris
920 4005 1115 4087 comperta,
1150 4004 1302 4062 testatur
1331 4013 1490 4061 amorem

265 4102 351 4174 nulli
383 4130 461 4175 esse
490 4104 748 4201 superabilem.
779 4107 855 4177 Nec
884 4107 982 4178 deest
1006 4106 1056 4177 illi
1079 4112 1175 4203 operi
1211 4108 1333 4204 lepos;
1367 4130 1492 4177 versus

262 4220 358 4292 volut
375 4225 527 4292 incitato
554 4247 658 4293 cursu
676 4221 900 4317 procedunt,
925 4223 977 4294 illi
1007 4227 1183 4319 imprimis
1213 4224 1357 4320 quibus
1380 4226 1486 4293 initio

265 4340 401 4431 operis,
442 4337 555 4411 Amor
592 4338 690 4409 solus
722 4364 845 4410 secum
882 4339 1062 4436 loquitur,
1101 4339 1278 4411 volubiles
1311 4353 1346 4410 et
1384 4338 1490 4410 nitidi

266 4450 404 4524 llutlttt:

317 4568 709 4667 «Nullusimprudcns
730 4571 862 4645 audeat
896 4597 981 4646 suas
1020 4597 1160 4646 mecum
1196 4576 1286 4646 trites
1313 4569 1483 4657 conterre,

302 4832 337 4895 (1)
350 4832 389 4882 Ct.
406 4833 439 4883 El
454 4834 579 4887 Critiron.
593 4834 702 4897 Madrid,
720 4840 786 4899 1835.
