3475 5609
867 516 1024 597 -7g-

320 674 512 773 indignam
578 701 657 748 esse
706 691 810 775 putat
850 682 944 752 sicut
995 678 1168 751 Melibeae
1210 703 1334 751 amore
1374 679 1550 753 dominus

321 817 478 865 meus.»
1374 777 1378 785 Ι

369 906 544 981 Pecuniae
574 911 644 980 ista
669 908 825 981 aviditas
853 935 875 979 a
910 909 1088 982 nobiliore
1118 911 1246 984 Calisti
1283 911 1454 1008 cupidate
1475 910 1552 1006 plu-

318 1027 449 1097 rimum
470 1022 650 1096 dissentit.
686 1024 804 1097 Multa
823 1051 907 1097 vero
927 1039 1012 1099 sunt
1037 1026 1073 1096 in
1095 1027 1286 1100 Celeslr'rrrr
1323 1053 1407 1125 quae
1438 1027 1554 1098 multo

319 1138 438 1236 magis
453 1139 529 1212 alia
548 1165 631 1213 cum
652 1140 734 1212 aliis
761 1141 970 1238 discrepant
996 1156 1031 1213 et
1051 1169 1134 1239 quae
1154 1144 1309 1216 ridiculo
1329 1143 1391 1215 sed
1416 1143 1535 1238 Hispa

317 1277 446 1327 norum
472 1259 616 1352 proprio
647 1255 757 1326 modo
784 1256 932 1328 tumidis
952 1268 987 1328 et
1008 1256 1213 1351 magnificis
1234 1257 1351 1330 verbis
1381 1256 1485 1329 rudia
1514 1270 1551 1328 et

197 1387 201 1394 ·
316 1371 498 1443 inurbana
518 1385 719 1467 opponunt.
741 1370 804 1442 Sic
826 1369 1034 1466 discrepant
1055 1371 1289 1444 Centurionis¹
1308 1371 1550 1470 gloriationes

316 1499 350 1584 et
362 1485 578 1559 lamulorum
594 1485 766 1559 convitia.
781 1486 846 1559 Sic
858 1494 1008 1560 Areusae
1022 1487 1162 1583 probris
1175 1492 1232 1560 avi
1249 1493 1303 1561 sui
1319 1491 1381 1586 qui
1398 1499 1549 1562 centum

316 1588 528 1676 mulieribus
552 1606 741 1700 imperavit
761 1602 890 1675 laudes
904 1601 1006 1674 miles
1032 1603 1212 1701 gloriosus
1242 1608 1462 1701 interponit·
1482 1605 1550 1675 Sic

316 1717 437 1792 Sosiae
473 1718 569 1792 fictis
606 1733 642 1791 et
679 1717 891 1791 meretriciis
936 1716 1126 1791 blanditiis
1163 1726 1289 1792 ovanti
1348 1743 1550 1792 conservus

318 1834 350 1905 T
345 1833 469 1908 rr'stan
486 1838 648 1908 nominis
667 1834 925 1908 obscuritatem
945 1846 982 1905 et
997 1833 1129 1931 equilis
1149 1847 1286 1909 stercus
1306 1835 1445 1932 objicit.
1461 1833 1546 1928 Qua

313 1950 592 2050 vaniloquentia
618 1965 653 2024 et
665 1955 793 2048 pingui
811 1949 995 2048 jocatione
1014 1954 1106 2024 risus
1125 1955 1330 2025 concitatur
1344 1951 1548 2024 vernaculo

313 2091 442 2163 sapore
461 2066 668 2138 distinctus.
704 2065 789 2141 Non
809 2070 921 2156 enim,
950 2079 987 2138 ut
1020 2065 1125 2154 solet,
1147 2067 1194 2139 ad
1232 2067 1436 2140 cachinnos
1470 2091 1547 2139 mo·

255 2225 257 2230 ·
313 2181 453 2256 vendos
472 2181 632 2278 disparia
651 2194 793 2254 tantum
810 2183 845 2253 F
845 2183 1004 2254 ernaudo
1021 2183 1066 2254 de
1084 2181 1198 2279 Rojas
1216 2181 1335 2278 jungit
1366 2181 1431 2254 sed
1461 2206 1548 2279 quae

315 2298 473 2373 maxime
489 2297 563 2371 alia
596 2297 679 2370 aliis
702 2296 937 2392 refragentur.
955 2296 1078 2371 Nullae
1095 2311 1216 2370 autem
1238 2322 1293 2369 res
1313 2301 1433 2393 magis
1454 2299 1550 2368 inter

314 2441 353 2488 se
373 2431 541 2512 pugnant
579 2439 688 2511 quam
724 2413 952 2486 dominorum
992 2413 1229 2487 liberalitates
1266 2432 1301 2487 et
1327 2413 1547 2487 famulorum

313 2530 566 2630 sordes.‚Quae
586 2532 680 2602 inter
699 2553 738 2600 se
758 2533 940 2600 contraria
955 2527 1087 2624 priores
1105 2528 1178 2624 jam
1208 2531 1457 2626 Hispanorum
1487 2553 1549 2601 co-

314 2645 416 2718 dices
429 2643 529 2719 velut
549 2643 672 2741 primis
702 2643 808 2716 lineis
827 2642 1085 2740 designabant,
1109 2670 1152 2716 ea
1178 2643 1368 2719 celestino
1390 2642 1547 2716 clariore

314 2762 429 2836 lorma
444 2760 628 2834 describit.
649 2760 733 2835 Non
764 2784 853 2833 sane
879 2758 1005 2832 dubito
1024 2764 1113 2857 quin
1133 2758 1253 2832 simile
1266 2759 1408 2857 aliquid
1446 2756 1546 2855 apud

314 2901 443 2952 omnes
463 2874 654 2949 hominum
675 2874 817 2948 animos
851 2899 994 2973 semper
1022 2878 1218 2973 reperiatur
1237 2899 1389 2972 quorum
1410 2873 1549 2971 duplex

313 3007 369 3068 est
398 2997 462 3080 vis,
495 3015 578 3065 cum
609 3015 683 3065 una
703 3014 786 3089 pars
805 2994 842 3062 in
866 2990 1041 3087 appetitu,
1073 2990 1186 3063 altera
1206 3005 1334 3063 contra
1354 2993 1391 3062 in
1418 2989 1548 3063 divino

314 3109 491 3184 instinctu
511 3110 630 3204 posita
645 3110 705 3179 sit.
734 3105 811 3178 lllae
840 3131 924 3178 vero
943 3105 1056 3179 altera
1080 3105 1127 3178 ab
1149 3104 1263 3180 altera
1289 3105 1549 3179 discordantes

314 3239 435 3323 partes
465 3248 540 3295 non
570 3221 687 3294 solum
726 3220 840 3294 multo
879 3224 996 3320 magis
1028 3221 1189 3317 dispares
1222 3222 1319 3318 apud
1355 3221 1548 3318 Hispanos
1655 3207 1662 3222 ⁸

314 3338 587 3437 apparent,sed
606 3341 716 3410 etiam
755 3335 898 3410 duobus
934 3361 1166 3432 personarum
1199 3337 1397 3436 generibus
1428 3338 1548 3432 expri-

314 3469 463 3529 muntur
491 3453 623 3552 quibus
652 3451 863 3525 illustriores
893 3450 1005 3525 nullae
1043 3466 1126 3524 sunt
1148 3478 1256 3550 quarn
1287 3455 1370 3525 Don
1392 3449 1549 3550 Quijote

314 3587 350 3646 et
368 3571 507 3646 Sancto
526 3571 661 3662 Pansa.
693 3568 826 3641 Nonne
845 3567 912 3639 tibi
934 3564 1080 3639 Calr‘sto
1099 3567 1297 3640 Melibeam
1322 3567 1453 3640 eodem
1482 3566 1548 3638 im-

315 3701 403 3787 petu
431 3684 620 3783 deliroque
636 3683 764 3756 ardore
783 3681 963 3754 interdum
997 3687 1166 3778 prosequi
1186 3683 1326 3757 videtur
1358 3709 1469 3781 quem
1508 3683 1549 3754 in

316 3805 474 3877 amentis
498 3803 633 3898 equitis
653 3823 727 3871 non
754 3797 890 3887 anim0‚
909 3796 972 3869 sed
993 3802 1217 3893 cogitatione
1247 3799 1433 3871 Dulcz'nea
1449 3803 1550 3870 exci-

314 3919 400 3992 tatl
429 3916 564 3993 Nonne
583 3914 693 3989 etiam
724 3909 950 4009 Sempronio,
969 3910 1062 3983 sicut
1081 3915 1229 4009 pinguis
1256 3913 1318 3986 ille
1334 3912 1494 3986 lamulus
1514 3927 1551 3984 et

314 4030 627 4106 immortalitatem
666 4039 866 4118 assecutus,
914 4031 1097 4098 communi
1117 4052 1228 4100 sensu
1246 4041 1281 4100 et
1320 4028 1549 4125 loquacitate

315 4147 486 4222 mulieres
506 4145 662 4242 despicit
679 4155 714 4216 et
746 4141 913 4215 homines
933 4139 1053 4213 illudit
1068 4141 1195 4233 tQuid
1211 4145 1308 4240 quod
1331 4168 1406 4215 non
1439 4140 1549 4215 aliter

316 4288 428 4362 quam
461 4272 588 4360 postea
618 4264 818 4333 Cervantes
846 4261 956 4329 risum
975 4257 1170 4329 Fernana'o
1194 4259 1238 4330 de
1264 4257 1383 4357 Rojas
1397 4282 1547 4330 movere

316 4393 472 4453 conatur
496 4375 582 4450 dum
616 4377 739 4471 capiti,
760 4388 801 4447 ut
827 4375 878 4443 ita
901 4370 1033 4458 dicam,
1069 4382 1232 4446 ventrem
1264 4398 1407 4471 semper
1431 4398 1544 4472 oppo-

316 4497 400 4571 nit?
427 4523 447 4562 «
469 4494 502 4566 A
526 4489 700 4564 Melibeae
720 4486 874 4586 capilliS,
898 4489 1016 4583 inquit
1037 4485 1197 4577 Calido,
1231 4514 1328 4562 nunc
1349 4487 1526 4586 incipiam

315 4611 503 4686 Vidistine
526 4621 565 4681 tu
592 4604 782 4679 filamenta
801 4627 910 4675 aurea
930 4599 1189 4676 delicatissimo
1228 4604 1381 4678 metallo
1414 4604 1540 4693 ducta,

317 4727 439 4828 qualia
466 4724 647 4799 ducuntur
671 4724 709 4793 in
741 4717 907 4791 Arabia?
935 4715 1164 4792 Pulchriores
1183 4731 1268 4794 sunt
1286 4718 1463 4794 Melibeae
1485 4745 1545 4793 ca·
