3475 5609
867 511 1065 578 .-32-

605 675 693 742 Sagun
707 675 791 726 aiente·
802 675 901 726 Caleni
915 703 946 716 -

605 755 681 806 Libro
695 773 728 805 en
744 756 780 805 mi
794 755 900 822 opinion
914 755 1006 805 divi-

460 913 467 920 ,
603 835 631 886 Si
646 835 796 887 eneubriera
809 853 865 888 maa
878 837 905 886 lo
916 837 997 889 huma
1013 863 1044 876 -
1057 837 1097 901 (r)

418 971 512 1044 Cum
532 983 654 1045 autem
668 969 970 1069 Tragicomoedia
991 969 1140 1046 Calz'sto
1146 997 1178 1070 y
1191 969 1350 1047 Melibea
1370 974 1598 1047 verissimam

368 1100 404 1160 et
428 1091 540 1160 etiam
580 1087 802 1186 impudicam
823 1091 910 1162 vitae
947 1091 1106 1184 speciem
1143 1085 1334 1186 praeberet,
1374 1092 1491 1187 prima
1516 1116 1598 1164 esse

368 1226 467 1298 saepe
489 1207 567 1277 visa
600 1215 655 1276 est
687 1202 858 1278 librorum
888 1203 1030 1278 illorum
1054 1203 1123 1303 'qui
1159 1202 1390 1277 humiliorum
1414 1229 1531 1279 rerum
1558 1217 1598 1279 et

368 1343 602 1416 personarum
623 1332 790 1394 naturam
818 1322 950 1393 imitati
984 1333 1070 1393 sunt
1098 1331 1133 1393 et
1154 1330 1343 1416 tantopere
1375 1321 1473 1419 apud
1508 1322 1596 1396 His-

368 1460 485 1533 panos
505 1434 701 1510 floruerunt
715 1451 752 1509 et
771 1441 977 1535 viguerunt.
999 1435 1098 1529 Quid
1124 1435 1169 1508 de
1186 1441 1369 1510 sententia
1386 1437 1450 1510 illa
1472 1441 1596 1511 existi·

368 1550 543 1625 mandum
577 1555 625 1625 sit
670 1551 813 1628 facilius
848 1578 946 1627 nunc
983 1551 1140 1649 intelligi
1170 1565 1302 1649 potest.
1339 1553 1470 1652 Magni
1498 1567 1595 1627 certe

366 1671 541 1740 momenti
577 1671 615 1740 in
650 1667 825 1765 ejusmodi
858 1669 1027 1767 operibus
1056 1666 1247 1742 Celestina
1275 1667 1353 1758 luit,
1377 1671 1490 1767 pluris
1508 1695 1593 1743 vero

365 1798 401 1855 et
416 1783 679 1879 praestantioris
698 1789 737 1858 in
758 1785 986 1859 dramaticis.
1010 1783 1152 1858 Primus
1166 1786 1266 1856 enim
1281 1797 1336 1859 est
1351 1790 1592 1860 recentiorum

365 1896 537 1973 librorum
578 1904 640 1998 qui
673 1926 712 1975 se
749 1906 902 1993 omnino
934 1887 1145 1975 clericorum
1182 1899 1321 1999 laqueis
1356 1900 1528 2000 expediat
1557 1913 1594 1976 et

365 2013 474 2111 plane
493 2013 666 2112 profanus
680 2017 823 2091 evadat.
841 2015 984 2091 Primus
994 2030 1049 2089 est
1068 2014 1238 2112 dialogus
1257 2018 1319 2114 qui
1346 2015 1592 2114 hispaniensis

365 2128 504 2226 ingenii
530 2131 688 2206 vividam
710 2147 745 2208 et
763 2133 836 2232 jam
858 2138 963 2234 quasi
984 2134 1178 2231 perlectam
1200 2136 1400 2230 imaginem
1420 2134 1590 2209 ostendat

363 2250 494 2345 utqui,
523 2239 790 2324 commenticiis
809 2249 942 2324 iabulis
955 2253 1129 2346 exceptis
1149 2247 1321 2323 omnibus
1343 2249 1590 2350 Hispanorum

363 2362 493 2436 studiis
522 2364 726 2463 indulgeat.
761 2365 904 2440 Dicitur
922 2367 972 2440 D.
997 2365 1120 2467 Dz'ego
1140 2367 1314 2440 Hurlado
1334 2368 1378 2440 de
1395 2369 1586 2459 Mendesii,

363 2503 445 2550 cum
475 2479 634 2554 Romam
659 2481 805 2580 legatus
837 2482 1134 2580 proficisceretur,
1175 2481 1266 2555 duos
1290 2494 1433 2557 tantum
1463 2483 1586 2576 libros

362 2595 521 2669 Amudis
535 2597 674 2673 scilicet
703 2602 747 2673 de
772 2601 894 2678 Gaula
913 2611 949 2672 et
969 2603 1002 2674 C
1002 2597 1197 2672 elestinam
1218 2624 1342 2672 secum
1369 2614 1587 2698 asportasse.

364 2710 404 2782 Si
426 2711 656 2789 Calderonis·
673 2741 820 2815 quoque
854 2725 998 2788 «auto»
1032 2715 1193 2812 aliquem
1231 2714 1369 2788 auterre
1396 2721 1584 2813 potuisset,

362 2839 474 2900 totam
506 2856 628 2906 secum
654 2833 874 2931 Hispaniam
896 2836 963 2904 iter
981 2830 1099 2904 lacere
1118 2833 1248 2904 merito
1263 2831 1511 2928 praedieasset.

415 2949 499 3022 Non
525 2950 643 3024 solum
664 2947 855 3024 Celestz'na
874 2952 1028 3045 primum
1058 2961 1112 3021 est
1136 2971 1229 3045 opus
1249 2948 1348 3046 quod
1377 2946 1588 3046 hispanien-

360 3070 453 3141 sium
474 3091 591 3139 rerum
625 3063 851 3138 simillimam
886 3063 1042 3160 effigiem
1062 3063 1204 3151 reddat,
1225 3063 1290 3137 sed
1322 3067 1432 3137 etiam
1471 3069 1589 3162 prima

360 3186 600 3257 recentiorum
639 3180 920 3282 tragicomoedia
955 3192 1050 3253 recte
1083 3179 1156 3253 dici
1195 3192 1325 3279 potest.
1358 3181 1455 3274 Quae
1488 3185 1586 3254 enim

360 3283 469 3372 antea
503 3298 662 3371 vidimus
691 3301 761 3370 nisi
793 3295 937 3370 labulas
958 3300 1111 3394 antiquo
1139 3321 1306 3370 sermone
1334 3294 1588 3393 interpretatas

360 3438 611 3514 necunquam
645 3417 683 3486 in
717 3437 867 3486 scenam
890 3411 1056 3486 missas?
1090 3412 1187 3505 Quae
1213 3425 1341 3486 contra
1367 3411 1523 3489 scenicis
1548 3415 1586 3484 in

358 3530 453 3605 ludis
482 3529 688 3627 agebantur
716 3527 843 3602 breves
872 3539 1015 3601 tantum
1035 3540 1139 3602 erant
1161 3528 1310 3626 dialogi,
1335 3527 1503 3627 ecglogae
1524 3539 1587 3602 aut

357 3645 581 3745 spectacula.
616 3645 701 3719 Non
736 3643 907 3743 equidem
928 3647 1058 3742 ignoro
1091 3644 1139 3718 ad
1172 3645 1390 3720 histrionum
1423 3655 1584 3718 ostenta·

356 3768 493 3837 tionem
516 3759 745 3838 Celestinam
769 3761 867 3836 haud
898 3787 978 3835 esse
996 3761 1326 3835 accommodatam.
1343 3761 1478 3835 Nonne
1501 3786 1586 3834 vero

356 3878 555 3976 legentium
584 3879 728 3952 animos
746 3882 892 3976 penitus
917 3891 952 3950 et
971 3878 1080 3976 plane
1101 3875 1302 3951 dramatico
1327 3875 1585 3952 commovebat

356 3996 519 4070 affectu?
549 3996 589 4067 ln
623 4019 696 4093 qua
719 3995 902 4092 tragoedia
933 4010 995 4067 aut
1028 3993 1211 4068 comoedia
1231 3993 1503 4093 praestantiores
1525 4019 1585 4067 va·

354 4115 481 4185 rietate
508 4125 571 4186 aut
591 4114 740 4184 veritate
770 4136 944 4208 personas
965 4108 1191 4185 invenires?
1225 4111 1391 4201 Domini,
1409 4109 1577 4201 ministri,

352 4241 530 4327 parentes,
566 4227 729 4326 juvenes
760 4226 864 4314 lenae,
892 4229 1106 4313 meretrices
1136 4251 1266 4301 omnes
1295 4227 1456 4324 denique
1487 4250 1581 4324 quos

354 4346 544 4444 loquentes
564 4343 760 4420 Fernando
788 4345 832 4416 de
864 4341 980 4442 Rojas
1016 4341 1155 4439 effingit
1182 4369 1258 4416 non
1288 4346 1382 4416 sicut
1417 4345 1456 4414 in
1487 4341 1583 4415 lalsa

353 4462 476 4562 aliqua
515 4474 551 4535 et
595 4462 682 4536 ficta
709 4460 861 4535 historia
894 4458 1153 4564 depinguntur,
1195 4461 1259 4534 sed
1298 4459 1415 4533 oculis
1445 4461 1581 4533 nostris

383 4706 420 4770 (1)
436 4703 478 4755 et.
492 4719 580 4754 versus
599 4719 664 4768 quos
679 4703 817 4752 Cervanles
832 4698 921 4766 primis
932 4698 1060 4749 notissimi
1079 4699 1164 4764 operis
1177 4699 1261 4749 verbis
1283 4699 1378 4764 adjecit
1399 4697 1481 4763 etqui
1502 4701 1580 4750 (Del

350 4787 454 4848 Donoso,
464 4789 541 4848 poeta
552 4783 725 4844 entreverado,
737 4798 754 4830 α
764 4780 864 4830 Sancho
877 4781 965 4847 Pansa
977 4797 997 4843 y
1012 4780 1156 4830 Rocinante
1170 4794 1186 4831 ›
1199 4778 1325 4829 dicuntur.
