3475 5609
868 521 1029 588 ..,0..

337 662 473 747 deinde
493 666 530 741 in
551 657 733 744 occultam
757 664 905 743 domuin
925 671 1088 768 sequitur
1102 670 1139 740 in
1159 688 1233 766 qua
1257 694 1303 742 ne
1324 666 1571 742 clandestinis

337 781 486 884 quidbm
522 788 658 883 nuptiis
679 784 807 861 laesam
834 785 1050 884 pudicitiam
1077 808 1242 883 reparare
1269 794 1402 883 potest.
1429 785 1570 857 Nonne

337 903 367 977 si
384 900 544 976 lenoniis
572 901 629 974 his
655 900 795 977 artibus
815 907 1051 1001 antiquorum
1072 926 1255 976 servorum
1282 917 1318 975 et
1337 903 1567 974 meretricum

338 1017 443 1092 dolos
473 1030 510 1092 et
540 1016 714 1092 libidines
743 1017 931 1123 adJeceris,
961 1016 1028 1090 tibi
1053 1018 1139 1115 j‘am,
1172 1022 1210 1091 in
1240 1017 1443 1092 universum
1465 1018 1566 1089 aesti·

338 1136 469 1223 manti,
490 1133 675 1234 pleraque,
700 1148 739 1211 ut
757 1138 808 1208 ita
824 1135 958 1223 diram,
979 1132 1177 1209 Celestinoe
1196 1134 1421 1207 lineamenta
1442 1131 1568 1205 videre

337 1248 553 1324 videberis?
574 1256 626 1347 (ι)

389 1360 485 1461 Qirae
522 1370 647 1440 omnia
680 1367 841 1465 denique
869 1393 942 1466 quo
970 1368 1078 1441 modo
1110 1366 1383 1465 hispaniensem
1403 1368 1568 1463 speciem

339 1478 488 1555 induere
502 1487 646 1581 possint
663 1483 770 1556 iacile
785 1494 838 1556 est
854 1483 951 1581 apud
968 1486 1197 1557 notissimum
1214 1478 1568 1579 archipresbyterum

337 1598 382 1670 de
401 1597 498 1672 Hir'a
517 1597 751 1698 dignoscere.
781 1601 916 1674 Eadem
929 1605 1035 1673 ‘enirn
1056 1626 1099 1673 ac
1125 1604 1161 1671 in
1178 1599 1362 1673 romoedia
1376 1600 1420 1671 de
1439 1596 1570 1670 Vetula

338 1710 463 1787 fabula
477 1728 531 1789 est
551 1719 588 1787 in
605 1714 699 1791 illa«
715 1716 893 1790 Historia
910 1742 1075 1791 amorosa
1093 1716 1137 1789 de
1158 1717 1205 1788 l).
1230 1717 1350 1788 Melon
1358 1741 1390 1814 y
1403 1716 1446 1791 de
1458 1712 1568 1786 Dor'ra

338 1830 516 1905 Endrr‘na
533 1832 686 1933 (Coplas
701 1834 874 1929 554865)
892 1858 988 1933 quae,
1013 1832 1136 1922 iateor,
1157 1832 1253 1905 hanc
1274 1836 1462 1904 materiam
1489 1853 1563 1901 non

338 1960 414 2021 tam
435 1947 697 2037 comoediarum
722 1974 831 2048 quarn
862 1936 1115 2023 narrationum
1145 1947 1287 2046 proprio
1307 1946 1417 2020 mido
1444 1944 1562 2018 reiert·

339 2064 426 2139 Non
448 2058 540 2137 'sane
569 2068 649 2138 sine
672 2064 802 2165 frigore
829 2082 967 2156 ἀλληγορία
990 2068 1168 2163 excipitur
1191 2090 1263 2162 qua
1291 2060 1505 2159 Pamphilus
1523 2060 1565 2133 fit

340 2180 421 2255 Don
441 2179 563 2254 Melon
582 2182 626 2253 de
653 2181 689 2253 la
717 2184 922 2255 Huerta-et
953 2180 1108 2255 Galatea
1127 2182 1235 2254 Dona
1266 2177 1455 2253 Endrr'na.
1479 2178 1565 2270 Qua

340 2319 425 2369 vero
440 2298 591 2369 veritate
610 2308 645 2369 et
661 2295 863 2370 subtilitate
885 2297 1131 2393 Hispanorum
1152 2320 1270 2369 mores
1293 2294 1563 2391 exprimuntur!

342 2409 489 2505 Quibus
525 2416 725 2508 praesertim
750 2412 882 2485 vividis
896 2426 933 2485 et
955 2412 1086 2510 lepidis
1115 2410 1298 2486 coloribus
1317 2410 1403 2483 lena
1422 2409 1486 2481 illa
1506 2408 1566 2480 de-

341 2530 506 2627 pingitur
529 2530 587 2602 cui
609 2526 707 2602 haud
730 2531 912 2602 immerito
945 2530 977 2601 Τ
973 2538 1252 2601 rota-conventos
1278 2552 1413 2600 nomen
1429 2544 1482 2599 est
1511 2540 1565 2599 ut·

342 2654 426 2742 pote
447 2670 532 2743 quae
553 2668 628 2717 non
661 2667 773 2719 unum
803 2650 1064 2719 monasterium
1099 2649 1254 2718 introeat
1292 2655 1331 2717 ut
1361 2646 1564 2715 amantium

342 2759 517 2833 mandata
543 2776 774 2857 exsequatur.
805 2760 966 2857 Magnas
997 2788 1041 2835 ea
1081 2761 1264 2834 mercedes
1297 2764 1462 2857 accipere
1490 2783 1564 2829 non

341 2875 487 2951 dubitat
501 2880 590 2976 quia
615 2892 651 2950 et
670 2876 793 2951 utilem
815 2903 884 2950 nec
899 2876 1105 2975 pudendam
1127 2891 1242 2950 artem
1262 2899 1427 2949 exercere
1446 2888 1561 2972 putat.

339 2992 541 3092 Juvenibus
564 3018 689 3067 nonne
716 2997 903 3091 egregiam
934 2992 999 3065 dat
1031 3019 1178 3090 operam
1213 3018 1365 3092 quorum
1399 2990 1564 3087 cupidini

341 3106 536 3206 explendae
556 3119 636 3185 toto
654 3108 779 3183 animo
800 3108 1006 3182 incumbit?
1036 3108 1222 3182 Laudibus
1243 3107 1291 3183 ab
1309 3133 1354 3182 ea
1375 3109 1424 3181 D.
1442 3107 1566 3179 Melon

340 3218 486 3298 efier'tu'r
510 3224 645 3322 quibus
664 3237 789 3322 postea
819 3224 967 3299 Calisto
999 3225 1234 3298 aCelestina
1271 3222 1469 3309 ornabitur,
1499 3247 1567 3295 nec

341 3332 448 3413 aliter
462 3364 573 3439 quarn
593 3340 755 3414 Melibea
781 3340 827 3412 ad
856 3339 1142 3413 misericordiam
1162 3343 1329 3439 primum,
1353 3338 1485 3415 deinde
1520 3336 1568 3409 ad

342 3478 501 3528 amorem
534 3458 570 3529 d.
603 3454 780 3529 Endrt'na
814 3455 1018 3530 adducitur.
1052 3457 1201 3551 Optime
1234 3460 1345 3552 igitur
1378 3454 1422 3527 de
1454 3452 1567 3553 Rojas

342 3560 467 3645 nostro
494 3571 825 3671 archipresbyterus
844 3575 889 3644 de
912 3571 1010 3645 Hr'tri
1044 3574 1171 3645 meruit
1187 3576 1249 3669 qui
1264 3575 1402 3669 primus
1436 3594 1568 3642 novam

342 3700 378 3761 et
398 3678 516 3785 inagis
552 3688 798 3786 Hispanorum
830 3686 979 3788 ingenio
1000 3686 1315 3760 accommodatam
1351 3687 1446 3760 lenae
1482 3690 1568 3757 ima·

341 3806 466 3901 ginem
480 3802 695 3907 adumbrare
710 3806 840 3902 potuit.
859 3802 971 3900 Cujus
986 3818 1142 3877 ceterum
1159 3802 1251 3876 liber
1264 3831 1283 3872 <r
1295 3806 1339 3876 de
1353 3807 1534 3877 Cantares
1546 3830 1566 3870 »

343 3922 393 3992 ita
413 3910 646 4017 antiquorum
675 3918 861 3995 doctrinas
876 3932 912 3992 et
932 3919 1210 3993 christianorum
1229 3942 1347 3991 mores
1360 3917 1494 4017 jungit,
1517 3920 1568 3991 ita

373 4194 411 4255 (r)
428 4192 565 4242 Comoedra
584 4207 600 4244 e
619 4194 774 4255 Pamphilus
785 4195 816 4241 de
830 4195 919 4241 Arriore
931 4210 944 4243 s
957 4210 971 4241 e
983 4193 1062 4243 latina
1077 4194 1101 4241 in
1119 4193 1241 4260 gallicam
1255 4194 1369 4259 linguam
1385 4193 1453 4242 circa
1473 4208 1569 4243 annum

343 4271 498 4323 MCCXXV
523 4290 538 4323 a
561 4272 630 4335 Jearr
650 4276 788 4336 Brosdesar
805 4275 927 4323 translata
949 4282 987 4322 est
1005 4282 1029 4321 et
1049 4290 1063 4321 ι
1080 4274 1214 4335 Pirrirplrile
1232 4279 1257 4322 et
1277 4274 1384 4323 Galatde
1404 4290 1418 4322 s
1439 4273 1570 4337 inscripta-

343 4352 465 4403 Nonnihil
484 4369 516 4403 ex
536 4370 568 4403 ea
589 4355 683 4403 tructus
702 4354 802 4419 cepisse
823 4352 891 4415 Jecur
909 4355 940 4401 de
957 4356 1056 4415 Meurig
1075 4354 1181 4401 videtur.
1200 4354 1266 4403 Cum
1283 4364 1367 4402 autern
1383 4352 1471 4419 gallici
1487 4360 1572 4417 poetae

341 4448 357 4482 e
372 4427 468 4482 Vetula
481 4450 495 4482 s
508 4432 601 4483 talibus
616 4432 749 4499 figuratam
764 4448 904 4499 personam
926 4434 1088 4481 Bel-Accueil
1100 4433 1195 4481 dictam
1212 4433 1294 4481 verbis
1313 4442 1480 4497 prosequatur
1492 4431 1573 4495 quali-

344 4513 390 4562 bus
400 4512 531 4562 Celestina
546 4515 746 4574 Parmenonem,
760 4529 807 4561 nec
824 4530 874 4561 non
890 4524 915 4561 et
936 4512 1059 4564 simulata
1072 4512 1195 4579 religione
1218 4523 1243 4562 et
1260 4513 1395 4577 impudicis
1410 4512 1572 4562 sermonibus

343 4593 465 4654 emineat,
483 4608 592 4659 magnas
604 4611 620 4644 a
634 4593 771 4645 fernando
781 4596 813 4642 de
825 4596 903 4655 Rojns
914 4592 1009 4659 gratias
1024 4603 1138 4659 repetere
1152 4602 1239 4658 posset
1252 4592 1299 4642 nisi
1319 4602 1344 4642 et
1363 4594 1418 4659 ipsa
1432 4592 1572 4643 anteriores

317 4672 430 4733 ,latinae
451 4674 587 4724 comoediae
622 4673 747 4724 debuisset
782 4691 858 4740 quam
896 4674 980 4725 solam
1007 4675 1144 4724 verisimile
1183 4683 1221 4723 est
1255 4673 1390 4739 hispanum
1416 4674 1568 4739 scriptorem

344 4751 447 4820 legisse.
