3475 5609
384 725 560 826 gradibus
580 727 754 825 processit
775 742 810 799 et
831 739 1064 824 paenetotum
1087 742 1263 802 muratum
1281 739 1347 801 est,
1371 727 1471 801 Nihil
1486 746 1607 805 autem
1717 715 1718 766 ;

384 858 439 917 est
466 847 503 915 in
518 846 643 943 {primo
670 860 754 916 actu
774 843 872 941 quod
889 847 1146 940 antiquitatem
1169 844 1342 918 redoleat.
1366 846 1452 939 Quo
1470 861 1608 921 cetero·

384 963 473 1057 quin
507 964 615 1032 modo
654 959 868 1034 Fernandus
898 975 1020 1033 noster
1056 962 1223 1057 ignorare
1258 959 1374 1057 potuit
1406 981 1484 1035 uter
1521 988 1606 1038 eum

383 1076 655 1172 composuerit?
675 1074 743 1149 Cui
756 1076 893 1150 Alonso
912 1077 956 1147 de
975 1074 1122 1147 Proaaa
1143 1080 1194 1148 ita
1220 1074 1330 1174 longe
1348 1090 1404 1149 est
1422 1092 1462 1152 ut
1481 1078 1606 1152 credat

382 1203 421 1263 ut
436 1190 512 1288 ejus
533 1194 673 1263 nomini
694 1189 832 1264 nullum
853 1191 953 1265 aliud
976 1191 1201 1287 adjunxerim
1238 1193 1336 1286 quod
1356 1218 1447 1265 sane
1460 1193 1607 1267 lecisset

383 1311 412 1377 si
429 1310 580 1403 apriore
595 1309 767 1403 scriptore
785 1294 1017 1380 Celestinam'
1042 1306 1295 1379 adumbratam
1321 1334 1400 1379 esse
1427 1323 1601 1405 putasset.

382 1425 511 1497 Totius
534 1436 656 1495 autem
681 1427 798 1520 operis
819 1450 875 1496 res
898 1424 1043 1497 vinculo
1071 1422 1299 1495 strictissimo
1322 1438 1500 1513 tenentur,
1525 1452 1603 1524 per-

381 1563 485 1613 sonae
497 1563 639 1635 semper
650 1537 719 1610 sibi
736 1552 909 1612 constant
923 1553 957 1611 et
972 1541 1096 1611 omnia
1112 1541 1195 1610 sice
1213 1544 1329 1634 primo
1342 1556 1426 1614 actu
1441 1542 1604 1638 pendent

381 1668 420 1729 ut
439 1656 486 1728 ab
500 1682 545 1729 eo
563 1654 643 1728 solo
662 1655 818 1753 perlecta
835 1682 915 1728 esse
931 1658 1073 1752 possint
1093 1658 1168 1751 qui,
1187 1669 1225 1727 ut
1247 1655 1444 1746 nauteam,
1466 1657 1605 1731 arboris

380 1770 479 1845 illius
489 1770 653 1869 plantam
674 1776 806 1869 posuit.

429 1888 531 1980 Quin
559 1886 666 1959 etiam
698 1890 780 1984 quis
813 1886 973 1960 crederet
1004 1885 1235 1959 Fernandum
1254 1889 1298 1959 de
1312 1888 1427 1987 Rojas
1445 1892 1601 1986 primum

378 2019 501 2079 actum
517 2015 756 2077 correcturum
777 2003 886 2079 luisse
916 2006 945 2075 si
968 2027 1042 2075 non
1058 2005 1136 2098 ipse
1150 2016 1186 2074 et
1201 2027 1281 2075 eum
1306 2007 1602 2100 composuisset?

378 2122 427 2193 At
446 2125 485 2191 in
510 2118 659 2192 diversis
687 2117 913 2192 editionibus
943 2143 1041 2214 quae,
1075 2121 1154 2213 ipso
1182 2121 1338 2206 vivente,
1372 2118 1470 2194 datae
1498 2136 1599 2202 sunt,

378 2240 475 2336 prior
503 2260 585 2332 pars
617 2233 744 2307 eadem
777 2260 820 2307 ac
853 2238 1068 2332 posteriores
1094 2232 1259 2306 libertate
1287 2236 1512 2309 emendatur.
1543 2236 1601 2309 Ne

377 2354 479 2450 plura
495 2350 661 2447 exempla
681 2350 871 2449 proferam,
899 2355 938 2422 in
967 2348 1126 2423 editione
1154 2375 1254 2422 anno
1282 2350 1376 2423 MDI
1403 2356 1441 2423 in
1468 2352 1601 2450 vulgus
1717 2441 1718 2444 Ἴ

375 2476 510 2545 emissa
523 2472 574 2565 (1)
590 2468 671 2542 haec
687 2467 796 2541 verba
808 2472 1014 2542 invenimus
1033 2501 1040 2539 2
1057 2496 1076 2535 «
1092 2465 1137 2539 nr'
1148 2476 1226 2540 otro
1236 2468 1347 2565 parler
1359 2468 1416 2541 mi
1426 2470 1606 2543 voluntari

318 2669 320 2673 .
374 2588 532 2659 humana
551 2584 666 2682 puede
690 2581 847 2681 complz'r
871 2614 888 2651 s>
911 2608 995 2680 quae
1016 2586 1055 2653 in
1080 2581 1339 2679 posterioribus
1365 2588 1595 2658 omittuntur.

374 2702 507 2775 Nonne
522 2726 565 2774 ea
581 2699 695 2796 Rojas
714 2700 929 2771 servavisset
940 2702 970 2771 si
987 2696 1169 2796 Johannis
1183 2698 1227 2770 de
1236 2700 1347 2771 Mena
1363 2713 1427 2772 aut
1441 2698 1596 2801 Rodrigi

373 2820 416 2891 de
443 2820 533 2891 cota
557 2840 646 2912 opus
674 2826 817 2886 tantum
838 2827 1047 2911 persecutus
1066 2814 1193 2886 esset?
1218 2814 1258 2885 ln
1278 2813 1406 2886 eadem
1434 2813 1597 2889 editione

374 2934 502 3031 (Mol)
519 2943 645 3003 neuter
663 2940 852 3027 poetarum
881 2926 1022 3002 illorum
1052 2926 1204 3024 prologo
1225 2932 1261 3024 (a
1282 2929 1343 3002 El
1358 2931 1477 3004 autor
1503 2958 1526 3003 a
1550 2956 1597 3004 su

372 3047 542 3148 amigo»)
565 3048 803 3119 nominatur:
827 3068 872 3117 ea
898 3044 1015 3117 solum
1046 3043 1235 3141 leguntur:
1259 3073 1279 3113 <r
1300 3045 1332 3116 Α
1362 3070 1597 3147 quocumque

373 3164 543 3259 dialogus
570 3160 631 3233 ille
651 3164 805 3257 scriptus
829 3172 892 3245 est,
919 3158 1052 3257 dignus
1071 3173 1124 3232 est
1145 3164 1208 3258 qui
1224 3159 1365 3259 legatur
1383 3166 1467 3253 (aar
1481 3160 1595 3259 'quien

372 3279 502 3381 quiem
519 3304 586 3367 que
599 3280 719 3375 svesa,
738 3274 903 3375 esdigno
921 3277 964 3348 de
978 3276 1181 3348 recordable
1195 3274 1386 3370 memoria)
1405 3307 1438 3349 ›>.
1459 3278 1594 3352 Postea

337 3392 341 3400 ’
372 3400 482 3495 igitur
494 3394 610 3468 solum
628 3390 810 3491 johannis
822 3406 856 3465 et
876 3390 1030 3487 Rodrigi
1049 3390 1190 3464 illorum
1209 3394 1363 3464 nomina
1381 3391 1595 3467 Fernandus

371 3526 493 3585 noster
518 3511 703 3605 usurpavit
740 3520 778 3581 ut
810 3504 1064 3580 verisimiliora
1102 3505 1222 3579 dicere
1263 3505 1453 3582 videretur.
1494 3507 1592 3581 ldem

370 3627 530 3725 denique
550 3622 721 3723 prologus
747 3648 847 3696 anno
867 3622 962 3695 MDl
991 3621 1145 3718 scriptus
1175 3626 1228 3695 sic
1255 3621 1469 3696 clauditur:
1500 3654 1520 3692 a
1545 3625 1593 3697 Ut

369 3744 499 3819 melius
524 3760 597 3838 'quo
618 3740 699 3813 loco
718 3742 846 3835 prioris
861 3742 1020 3813 auctoris
1039 3736 1149 3812 verba
1167 3739 1350 3829 desinant,
1373 3764 1447 3838 quo
1467 3752 1590 3814 autem

369 3858 518 3958 ineptiae
538 3882 632 3929 meae
666 3855 846 3952 incipiant
876 3855 1170 3951 dignoscendum
1203 3858 1263 3947 sit,
1286 3859 1435 3953 signum
1465 3871 1521 3928 est
1555 3858 1592 3928 in

369 3977 534 4073 margine
554 3972 652 4071 quod
674 3971 804 4046 litterae
820 3971 856 4045 X
874 3970 1028 4068 liguram
1040 3970 1174 4070 accipit
1188 3983 1226 4044 et
1238 3974 1344 4071 primi
1361 3983 1465 4045 actus
1479 3969 1590 4045 linem

369 4094 552 4188 designat.
575 4086 668 4163 Vale
690 4118 709 4157 »
724 4086 792 4185 (2).
815 4086 1041 4160 Promissum
1061 4099 1182 4161 autern
1199 4086 1288 4160 illud
1304 4090 1450 4185 signum
1463 4085 1592 4161 trustra

369 4205 536 4307 quaesivi.
566 4203 664 4297 Quid
690 4228 779 4300 ergo
806 4216 860 4276 est
893 4201 943 4276 rei
964 4205 1034 4275 nisi
1054 4215 1142 4277 tunc
1172 4201 1405 4279 Fernandum
1426 4203 1589 4299 nondum

397 4500 432 4560 (ι)
442 4494 527 4560 Quam
542 4492 682 4543 editionem
697 4490 722 4539 iu
737 4489 839 4556 publica
853 4497 879 4540 et
892 4488 1027 4541 Parisiensi
1048 4488 1204 4541 bibliotheca
1215 4489 1301 4541 inveni
1310 4498 1336 4540 et
1355 4489 1421 4541 intra
1432 4462 1590 4543 describtio.

397 4574 789 4722 (gf-‘lle-ggpllsgp·c2::·zcays
816 4650 903 4701 donde
921 4652 1074 4719 comienpan
1094 4650 1143 4702 mis
1164 4650 1331 4704 muldoladas
1342 4668 1477 4720 mosny
1491 4652 1590 4704 monn

365 4738 404 4787 les
415 4736 457 4787 del
470 4735 576 4802 antiguo
590 4741 661 4785 autor
678 4748 685 4784 :
705 4748 737 4781 en
750 4730 776 4782 la
790 4748 898 4799 morgen
914 4732 1044 4799 halleroys
1060 4749 1111 4783 uua
1122 4748 1181 4783 cruz
1196 4748 1203 4786 :
1218 4748 1236 4798 y
1252 4748 1282 4782 οι
1295 4731 1320 4782 el
1337 4733 1372 4783 lin
1386 4733 1420 4784 de
1434 4732 1459 4784 la
1477 4733 1589 4799 primm

367 4831 440 4871 cena.
451 4815 519 4869 Vale
532 4831 555 4868 a.

1717 1273 1718 1326 l

1716 1337 1718 1438 l
