3475 5609
710 610 866 675 ,47-

171 757 327 833 fructum
355 761 557 855 perveniret
581 760 650 829 nisi
672 783 758 855 quae
786 770 874 830 tunc
908 758 946 827 in
985 754 1233 829 Salmantinis
1262 755 1399 829 scholis

172 873 342 981 florerent
379 872 445 946 tibi
466 889 589 946 essent
607 897 717 947 curae.
737 872 855 945 Haud*
866 887 990 944 tamen
1010 871 1140 945 trustra
1159 884 1212 944 tot
1231 873 1399 969 exempla

172 1006 206 1065 et
226 1006 446 1087 argumenta
471 1015 516 1062 ex
544 992 777 1086 antiquorum
804 986 906 1060 libris
921 980 1129 1175 erutplsynt
1148 983 1183 1059 et
1205 1001 1395 1085 congesta,

172 1110 307 1205 quippe
345 1132 430 1204 quae
461 1108 617 1204 primum
654 1103 794 1203 aliquid
826 1101 1010 1177 edisseren
1039 1103 1188 1175 iartem
1210 1104 1398 1202 Hispanos

173 1222 302 1296 docere
324 1220 516 1312 valuerint,
541 1233 741 1319 posteaque
766 1218 896 1293 eadem
921 1223 1012 1291 mira
1042 1220 1255 1294 diversitate
1283 1243 1397 1319 usque

171 1337 270 1437 apud
291 1368 310 1407 a
332 1362 494 1410 aureaes
529 1340 651 1411 aetatis
686 1334 907 1409 dramaticos
926 1348 1053 1432 poetas
1072 1360 1147 1407 non
1175 1334 1394 1409 mediocrem

173 1454 365 1531 habuc-int
386 1453 520 1529 locum.
552 1451 649 1547 Quae
672 1477 757 1524 vero
785 1478 804 1525 e
836 1450 977 1525 Graecis
1007 1466 1068 1524 aut
1091 1452 1216 1525 i'atinis
1235 1450 1398 1524 tontibus

174 1570 286 1669 Rojas
303 1570 424 1642 hausit
444 1568 555 1665 longe
575 1582 660 1641 sunt
680 1582 718 1641 ut
740 1566 873 1642 vividis
891 1580 927 1641 et
948 1566 1154 1640 recentibus
1179 1571 1283 1665 aquis
1302 1592 1398 1640 com·

173 1690 249 1784 pari
271 1687 412 1783 possint
425 1708 511 1781 quae
531 1708 552 1755 e
571 1708 639 1757 suo
658 1696 799 1755 tantum
824 1696 859 1755 et
889 1681 1032 1780 proprio
1061 1685 1137 1754 rivo
1167 1679 1397 1755 effluxerunt.

175 1800 245 1876 Cui
267 1802 463 1875 sententiae
484 1824 559 1871 non
579 1797 819 1873 adversabere
839 1810 1034 1896 postquam
1053 1796 1141 1896 quid
1162 1798 1244 1871 noti
1261 1802 1299 1871 in
1324 1822 1400 1897 per·

50 1906 58 1919 ⁴
173 1920 275 1990 sonis
294 1913 481 2015 fingendis
503 1912 693 1989 Celestz'na
713 1912 873 1987 attulerit
897 1927 1037 1987 attente
1057 1912 1299 2010 inquisiveris.

223 2030 308 2105 Non
319 2028 490 2129 equidem
503 2027 973 2127 ignoroamoreflagrantes
986 2044 1022 2103 et
1033 2033 1154 2103 omnis
1166 2033 1399 2128 impatientes

174 2150 402 2221 auctoritatis
434 2144 584 2243 juvenes
614 2170 751 2243 magno
782 2169 883 2242 saepe
912 2171 993 2219 cum
1029 2144 1149 2243 lepore
1181 2147 1396 2219 aTerentio

174 2288 363 2362 expressos
388 2288 489 2353 csse,
520 2261 583 2335 sed
606 2262 719 2337 multo
740 2265 859 2359 magis
877 2266 988 2336 variis
1002 2274 1048 2351 et,
1073 2267 1254 2360 quamvis,
1290 2253 1326 2336 ut
1348 2267 1399 2335 ita

174 2380 312 2467 dicam,
334 2377 645 2477 hispaniensiores
678 2377 860 2452 interdum
881 2392 1094 2476 appareant,
1130 2382 1249 2476 magis
1272 2392 1397 2452 tamen

175 2495 364 2569 hominum
386 2496 548 2567 omnium
571 2508 606 2568 et
630 2498 831 2593 praesertim
851 2498 1092 2569 recentiorum
1112 2492 1235 2567 studio
1256 2520 1398 2568 accom-

47 2662 50 2669 .
101 2658 104 2667 =
175 2608 334 2685 modatis
346 2608 527 2684 coloribus
547 2610 728 2684 Calistum
748 2609 957 2707 depinctum
968 2634 1048 2684 esse
1066 2609 1235 2684 fateberis
1250 2615 1279 2685 si
1300 2611 1398 2710 prius

175 2752 248 2825 quo
268 2724 329 2799 ille
349 2725 459 2800 modo
478 2750 638 2800 amorem
654 2729 853 2823 susceperit
868 2742 904 2799 et
923 2726 1000 2823 ipse
1015 2751 1078 2823 per
1090 2725 1225 2823 gradus
1238 2726 1399 2801 concita·

175 2844 264 2916 v'erit
299 2846 481 2940 percipere
515 2842 684 2917 volueris.
710 2844 911 2941 Postquam
937 2845 974 2914 in
997 2841 1154 2916 Pleberii
1190 2843 1333 2916 hortum
1353 2843 1399 2916 ad

175 2957 358 3033 evolatum
379 2956 559 3033 falconem
580 2957 866 3058 recuperandum
884 2956 1032 3033 Calisto
1051 2962 1210 3050 intravit,
1226 2958 1399 3034 Melibeae

176 3073 324 3148 obvenit
361 3073 462 3171 cujus
494 3074 612 3149 forma
639 3100 678 3148 se
708 3074 830 3148 subito
859 3073 1031 3148 allectum
1050 3086 1087 3148 et
1111 3073 1218 3149 sentit
1240 3089 1276 3150 et
1295 3076 1397 3150 dicit.

177 3191 269 3265 Cum
286 3208 446 3264 autema
465 3190 598 3286 puella,
618 3216 704 3290 quae
724 3188 993 3288 dignitatem‘et
1014 3189 1224 3288 pudicitiam
1245 3189 1400 3289 diligen·

175 3312 318 3382 tissima
345 3331 432 3381 cura
456 3320 584 3397 tuetur,
621 3332 696 3382 non
729 3310 810 3381 sine
836 3310 890 3380 ira
922 3320 957 3381 et
987 3306 1179 3406 opprobrio
1194 3322 1394 3405 respuatur,
1423 3311 1428 3322 '

177 3446 329 3498 moerore
349 3423 541 3499 conficitur
550 3438 586 3499 et
597 3424 747 3499 domum
758 3450 943 3522 regressus
953 3450 1116 3499 amorem
1128 3426 1233 3499 vanis
1242 3426 1399 3525 querelis

176 3536 348 3639 adauget.
385 3540 454 3615 Cui
489 3539 645 3616 famulus
681 3540 897 3640 Sempronio
930 3545 991 3615 vix
1027 3545 1266 3617 astutissimae
1302 3544 1398 3618 lenae

176 3655 352 3731 auxilium
374 3660 578 3759 proposuit,
603 3656 726 3755 etjam
750 3655 811 3729 ille
827 3656 1053 3732 Celestinam
1068 3657 1197 3732 adesse
1214 3663 1315 3756 cupit
1332 3686 1399 3734 nec

176 3769 281 3845 flocci
301 3772 389 3847 iacit
407 3772 495 3873 quid
516 3771 586 3846 sibi
616 3773 663 3846 de
689 3772 797 3846 bonis
822 3785 884 3845 aut
913 3777 1024 3847 etiam
1052 3772 1097 3847 de
1126 3774 1264 3849 honore
1280 3777 1402 3852 vetula

177 3886 381 3962 detractura
417 3890 476 3962 sit.
513 3887 614 3982 Quid
651 3887 748 3989 apud
783 3913 866 3962 eum
905 3889 1148 3982 Parmenonis
1185 3907 1404 3989 argumenta

177 4004 325 4078 valeant
340 4002 443 4101 cujus
456 4002 547 4077 nihil
564 4006 634 4077 nisi
652 4007 732 4103 ipsa
747 4001 883 4103 cupido
897 4007 1060 4095 interest,
1084 4031 1153 4080 nec
1165 4010 1228 4106 qui
1240 4033 1402 4099 coenam,

178 4120 241 4195 sed
260 4146 395 4219 equum
433 4118 548 4218 parari
579 4118 681 4218 jubet
708 4134 747 4195 ut
781 4133 867 4194 ante
906 4119 1081 4196 Melibeae
1102 4119 1251 4198 domum
1272 4128 1402 4202 iterum

178 4240 332 4311 transire
351 4236 499 4335 possit?
559 4286 562 4295 .

225 4352 289 4428 Sic
314 4355 353 4427 in
381 4351 543 4428 amando
571 4352 737 4427 ardorem
756 4350 907 4450 juvenes
936 4353 1180 4431 inconsultius
1202 4372 1404 4458 sequuntur

177 4473 342 4572 caecique
356 4484 392 4544 et
407 4468 613 4569 praecipites
634 4467 806 4545 teruntur.
831 4469 917 4565 Quo
942 4484 1065 4545 autem
1094 4472 1205 4549 modo
1229 4499 1311 4549 sese
1329 4479 1399 4573 ipsi

177 4584 365 4686 decipiant
377 4600 413 4661 et
429 4587 548 4684 magis
567 4588 770 4685 magisque,
799 4585 888 4660 dum
912 4611 1035 4661 amore
1055 4602 1264 4687 pascuntur,
1288 4605 1325 4666 et
1344 4595 1400 4666 sui

177 4706 399 4803 impotentes
416 4702 509 4778 fiant
537 4716 573 4777 et
601 4699 750 4777 dilectae
779 4701 914 4802 puellae
945 4707 1065 4801 ignari
1094 4730 1205 4804 quam
1231 4711 1336 4783 novis
1365 4721 1403 4783 et

176 4818 272 4897 fictis
309 4818 505 4897 virtutibus
540 4832 733 4909 exornant,
774 4822 856 4920 quis
891 4818 1023 4896 melius
1048 4846 1161 4921 quam
1180 4822 1331 4903 ealisro
1364 4838 1403 4904 te
