3475 5609
213 1409 305 1482 Vere
326 1423 448 1482 tamen
472 1407 716 1506 hispaniensis
735 1423 786 1482 est
810 1409 1012 1498 celestino,
1038 1433 1118 1480 cum
1143 1409 1325 1481 sentiendi
1352 1421 1390 1483 et

163 1526 352 1622 cogitandi
382 1525 534 1600 formam
567 1525 762 1624 quamdam
790 1525 953 1623 praebeat
980 1551 1065 1622 quae
1100 1524 1253 1598 multum
1290 1524 1389 1624 apud

164 1642 254 1740 [ope
282 1643 326 1714 de
359 1643 454 1744 Ve'ga
486 1641 633 1741 ejusque
663 1642 861 1740 discipulos
895 1641 1044 1738 vigebit,
1079 1667 1164 1739 quae
1195 1666 1280 1715 vero
1313 1668 1389 1715 non

164 1761 307 1854 penitus
327 1761 365 1832 in
387 1761 512 1832 animo
532 1771 594 1832 tuo
615 1757 790 1832 insidebit
809 1761 838 1832 si
869 1757 979 1854 longe
1001 1784 1023 1830 a
1049 1757 1238 1856 Pyrenaeis
1258 1761 1389 1832 monti·

164 1873 230 1947 bus
264 1877 302 1946 in
335 1874 452 1948 lucem
491 1885 682 1972 susceptus
710 1875 790 1947 eris.
823 1874 908 1947 Non
940 1877 1040 1946 enim
1068 1886 1211 1948 tantum
1245 1878 1389 1972 proprio

162 2002 338 2088 quantum
367 1989 516 2088 publico
537 1994 688 2089 ingenio
709 1992 905 2064 Fernando
928 1991 972 2062 de
990 1989 1105 2089 Rojas
1123 1992 1275 2063 inservit
1300 1991 1387 2064 dum

162 2107 350 2180 contrariis
371 2111 553 2182 contraria
573 2111 622 2180 ita
654 2112 807 2205 opponit
843 2121 881 2180 ut
914 2105 1087 2179 ridiculas
1120 2118 1157 2179 et
1187 2106 1388 2182 horrendas

161 2249 226 2313 reS,
251 2221 357 2297 lortia
375 2235 411 2296 et
431 2225 618 2322 impudica
636 2223 743 2312 lacta,
773 2250 857 2322 quae
882 2223 1077 2320 praecipuis
1105 2234 1169 2296 aut
1207 2221 1388 2321 religiosis

160 2343 326 2437 personis
358 2353 394 2414 et
428 2366 512 2438 quae
545 2339 699 2437 plebeiis
731 2353 767 2413 et
805 2337 1032 2437 ignobilibus
1052 2342 1277 2431 conveniant
1296 2339 1386 2414 mira

159 2455 367 2530 diversitate
385 2461 536 2553 jungere
556 2455 653 2530 haud
668 2456 821 2530 dubitet.
847 2455 969 2529 Fictas
995 2454 1113 2529 solum
1146 2467 1183 2528 et
1201 2481 1386 2529 commen·

161 2575 269 2643 ticias
305 2569 448 2644 labulas
482 2574 714 2670 praetermisit
758 2572 903 2670 quibus
949 2596 1173 2669 quamquam
1227 2571 1383 2668 Hispani

159 2685 399 2784 indulgebant
415 2713 517 2761 veras
539 2688 727 2761 hominum
762 2685 944 2786 imagines
980 2711 1183 2785 repugnare
1217 2685 1382 2784 putabat.

159 2801 260 2874 Nihil
280 2816 404 2876 autem
430 2807 549 2904 magis
568 2829 679 2901 quam
701 2807 734 2878 C
734 2803 892 2876 elestina
912 2803 1112 2877 humanam
1132 2827 1242 2899 saepe,
1271 2814 1311 2876 ut
1334 2806 1387 2875 ita

156 2915 290 3007 dicam,
331 2927 367 2990 et
407 2917 677 3016 hispaniensem
712 2944 853 3016 semper
891 2922 1079 2992 veritatem
1118 2921 1243 3016 spirat.
1285 2917 1385 3011 Quid

155 3035 267 3122 enim,
283 3031 312 3104 si
334 3058 568 3128 personarum
596 3038 760 3108 omnium
782 3033 932 3131 ingenia
952 3032 1184 3106 considerare
1211 3031 1381 3124 volueris,

156 3147 430 3246 quidomissum
450 3153 586 3222 senties
613 3149 711 3248 quod
740 3147 786 3222 ad
809 3173 926 3222 mores
954 3147 1211 3245 exprimendos
1234 3147 1385 3222 valeat?

155 3263 274 3338 Multa
288 3263 397 3338 etiam
420 3265 512 3338 adeo
533 3265 656 3338 divine
687 3265 875 3364 finguntur
893 3277 932 3339 ut
952 3263 1114 3338 viventes
1139 3268 1238 3362 ipsos
1271 3263 1384 3337 homi·

156 3405 221 3454 nes
240 3378 426 3454 audivisse
442 3394 624 3454 auctorem
640 3381 755 3456 dicas,
777 3382 911 3455 Nonne
926 3385 1045 3455 verius
1063 3405 1147 3453 vero
1166 3394 1220 3454 est
1236 3381 1384 3455 Areusae

154 3496 378 3598 colloquium
398 3495 613 3592 famularum
632 3502 743 3570 vitam
781 3495 1022 3570 describentis
1046 3511 1083 3570 et
1103 3495 1290 3571 dolentis?
1310 3497 1384 3570 Ne·
1413 3589 1419 3600 ἱ

155 3617 368 3711 quicquam,
386 3626 421 3685 et
443 3617 480 3686 in
512 3612 628 3686 latina
647 3617 759 3686 etiarn
778 3614 974 3700 comoedia,
1002 3613 1195 3686 viridiores
1222 3617 1384 3710 requiras

154 3731 313 3825 picturas
338 3726 384 3800 ad
420 3733 667 3802 ministrorum
700 3741 736 3802 et
771 3732 996 3803 meretricum
1018 3729 1235 3827 cupiditates
1267 3726 1382 3825 expri-

154 3844 336 3916 mendas?
356 3843 457 3916 Nihil
485 3846 678 3918 Fernondo
705 3847 748 3916 de
785 3844 900 3944 Rojas
937 3845 1108 3918 licentius
1133 3870 1213 3917 esse
1242 3843 1384 3917 videtur

154 3959 251 4046 quod
274 3959 420 4058 quidem
443 3977 578 4033 certam
599 3973 808 4035 naturarum
838 3960 995 4059 speciem
1017 3961 1192 4058 praebeat.
1230 3961 1382 4034 Areusae

67 4137 70 4142 Α
154 4102 277 4149 amore
298 4103 370 4174 quo
400 4079 580 4149 Parmeno
615 4077 723 4149 modo
757 4078 957 4176 perlruatur
986 4077 1083 4150 haud
1113 4081 1232 4173 ignari
1258 4101 1383 4151 sumus

153 4219 236 4266 cum
254 4193 441 4265 Celcstina
461 4192 558 4265 illius
579 4219 727 4266 veneres
757 4207 791 4266 et
817 4193 922 4292 hujus
947 4193 1111 4266 ardorem
1142 4197 1326 4266 intueatur
1347 4206 1383 4264 et

154 4307 340 4406 depingat.
375 4309 458 4380 Non
484 4311 605 4383 minus
625 4309 798 4406 improbis
817 4334 1085 4408 nonnunquam
1114 4307 1231 4382 verbis
1249 4306 1382 4381 Elicio

153 4431 190 4497 et
224 4423 439 4522 Sernprom'o
467 4422 708 4514 delectantur,
755 4425 888 4510 nedum
928 4425 1156 4498 dominorum
1194 4422 1316 4499 studia
1345 4435 1382 4497 et

154 4521 350 4612 sermones
368 4564 508 4638 semper
540 4544 737 4614 imitentur.
775 4542 886 4637 Quod
914 4556 1137 4638 compertum
1168 4540 1322 4614 habebis
1349 4543 1379 4612 si

155 4654 272 4752 epulis
297 4654 452 4729 adfueris
490 4681 581 4752 quas
614 4659 652 4726 in
691 4656 891 4731 Celestinae
936 4657 1046 4730 domo
1078 4683 1153 4730 non
1194 4659 1282 4747 suiS,
1315 4654 1379 4728 sed

157 4771 498 4870 Calistiimpensis
532 4774 712 4846 Parmeno
731 4773 903 4848 celebrat.
927 4775 1024 4848 Dum
1046 4773 1144 4846 enim
1181 4773 1219 4846 in
1254 4775 1379 4846 vinum
