3475 5609
548 549 555 562 ι
668 525 847 576 ,ιιι-

149 686 261 750 artem
282 677 336 747 sui
351 672 437 770 juris
457 672 574 747 lacere
597 655 788 746 conantur.
812 670 914 745 Nihil
935 674 1033 743 enirn
1054 670 1285 769 antiquarum
1305 685 1374 744 tra·

149 791 354 887 goediarum
376 788 444 861 nisi
466 789 595 861 choros
617 793 653 860 in
681 787 857 888 Jorefino
884 812 951 860 sua
975 786 1114 859 Micoel
1132 790 1175 861 de
1194 787 1380 887 Carvojal
1462 825 1468 832 ·

150 905 279 979 retinet
299 905 360 1003 qui
378 905 576 980 Celestz'nca
601 915 662 978 :rut
684 903 935 1000 Propalladiae
954 903 1144 977 licentiosa
1162 903 1271 976 verba
1300 929 1373 976 res-

153 1025 243 1119 puit,
264 1020 440 1096 viridiora
472 1048 553 1094 vero
590 1037 624 1094 et
659 1020 839 1094 festiviora
872 1033 1020 1116 usurpat
1049 1035 1087 1092 ut
1118 1021 1232 1120 Jacob
1268 1041 1372 1092 suum

154 1137 309 1211 Pleberii
343 1143 479 1236 pietate
515 1137 726 1212 instinctum
763 1150 798 1209 et
830 1135 1033 1222 Zenobiam
1062 1135 1235 1209 Melilreae
1266 1135 1374 1208 modo

152 1253 339 1327 ardentem
352 1252 514 1351 effingat.
530 1251 723 1327 Comoedia
739 1273 859 1326 autem
875 1249 1044 1352 Prodiga
1061 1255 1072 1339 (
1081 1249 1112 1339 r)
1129 1251 1241 1325 multo
1258 1249 1375 1349 magis

151 1368 463 1466 Tragicomoediae
488 1370 530 1442 de
557 1369 703 1443 Calz'sto
716 1394 747 1467 y
766 1368 925 1442 Melz'bea
946 1371 1157 1440 memoriam
1175 1379 1318 1441 revocat
1337 1380 1376 1440 ut

151 1510 236 1584 quae
268 1485 417 1582 jin-ones
450 1485 497 1559 de
539 1483 644 1558 malis
678 1483 889 1558 mulieribus
923 1496 959 1556 et
987 1482 1110 1556 infidis
1140 1486 1314 1555 ministris
1339 1494 1377 1558 et

152 1605 230 1698 ipsa
258 1614 497 1698 praemoneat.
531 1601 675 1673 Etenim
703 1599 871 1699 Prodigo
906 1599 967 1699 qui
1002 1604 1040 1671 in
1061 1624 1104 1672 ea
1138 1602 1272 1696 primas
1300 1596 1377 1698 agit

151 1729 273 1816 partes
308 1717 462 1790 militum
495 1715 733 1816 quorumdam
758 1715 910 1813 perfidia
928 1719 1141 1813 opprimitur
1164 1715 1225 1812 qui
1246 1703 1376 1788 aCen·

151 1835 294 1907 turiono
328 1847 361 1905 et
389 1833 436 1907 ab
452 1831 524 1904 illis
558 1837 594 1903 in
617 1833 830 1906 Soldadesco
850 1833 905 1927 (2)
921 1831 1079 1904 inductis
1098 1829 1375 1904 similitudinem

153 1946 307 2037 ducunt,
329 1975 397 2022 nec
428 1975 514 2040 non,
538 1974 620 2022 cum
649 1949 695 2022 ad
727 1948 900 2021 Brianam
929 1945 1102 2044 confugit,
1126 1945 1276 2020 alteram
1307 1947 1375 2020 Ce·
1480 2020 1484 2029 ,

153 2063 323 2138 lestinam
351 2064 541 2162 experitur,
573 2090 640 2137 nec
669 2091 743 2138 non
764 2078 810 2144 et.
843 2061 940 2137 velut
968 2062 1121 2147 Calz'sto,
1149 2087 1312 2160 praeceps
1328 2064 1375 2137 ad

153 2195 283 2254 terram
312 2180 429 2268 datur,
455 2206 529 2253 non
550 2205 638 2252 sane
669 2178 753 2268 vita,
777 2183 878 2252 omni
899 2177 1027 2251 saltem
1065 2201 1102 2250 re
1121 2176 1289 2251 familiari
1316 2204 1375 2251 ex·

154 2294 293 2394 pulsus.
318 2296 373 2368 lta
392 2293 433 2368 fit
460 2311 499 2370 ut
519 2327 537 2365 <r
553 2295 727 2370 Comedz'o
762 2292 965 2394 Prodigus>
1004 2319 1067 2391 per
1103 2306 1240 2389 septem
1275 2306 1379 2368 actus

151 2411 328 2510 producta
357 2415 419 2510 qui
448 2412 622 2485 brevitate
642 2411 725 2485 illas
755 2439 775 2485 a
797 2413 894 2508 Lope
925 2409 970 2483 de
1004 2409 1136 2482 Rueda
1157 2439 1175 2478 <r
1192 2435 1336 2483 escenos
1358 2442 1376 2481 r>

150 2528 270 2601 dictas
299 2541 542 2626 assequuntur
561 2555 663 2627 aeque
685 2554 728 2601 ac
759 2525 946 2603 Celestina
965 2531 1154 2599 veritatem
1178 2526 1316 2600 redolet
1343 2543 1379 2600 et

150 2643 258 2716 simul
287 2647 405 2742 magis
428 2668 552 2740 presso
580 2654 615 2716 et
641 2647 795 2717 incitato
814 2641 924 2715 modo
944 2640 1118 2738 procedit.

204 2758 312 2851 Quod
333 2755 537 2856 exemplum
561 2763 590 2832 si
613 2759 704 2857 Lope
721 2761 765 2830 de
796 2760 892 2857 Vego
911 2757 1059 2855 ejusque
1086 2757 1255 2855 discipuli
1285 2741 1377 2832 asse

152 2877 227 2974 cuti
243 2885 378 2961 essent,
393 2874 545 2949 multum
564 2873 715 2948 fortasse
730 2873 977 2971 profecissent.
993 2871 1107 2944 Sexto
1121 2876 1217 2944 enirn
1234 2872 1376 2947 decimo

153 2989 339 3064 insaeculo
364 2994 617 3090 nescioquem
651 2995 830 3064 sincerum
872 2999 987 3085 poetae
1019 3009 1187 3084 saporem
1221 2987 1376 3064 tundunt

153 3132 226 3205 quo
252 3105 366 3180 multo
386 3111 504 3204 magis
525 3106 748 3180 delectamur
766 3128 875 3204 quarn
891 3102 1021 3177 fucatis
1045 3102 1172 3177 horum
1205 3105 1376 3182 odoribus

152 3221 213 3321 qui
237 3220 285 3294 ab
318 3220 391 3295 illis
417 3221 566 3319 proiecti
596 3234 692 3296 sunt.
730 3218 944 3295 Secundum
974 3230 1140 3291 naturam
1171 3244 1375 3294 sermonem

151 3350 226 3411 tum
252 3340 444 3433 scriptores
464 3343 658 3439 enuntiant
678 3335 750 3435 qui,
775 3334 874 3410 velut
889 3330 1002 3432 Rosos
1026 3348 1156 3424 noster,
1172 3335 1374 3432 simplicem

151 3465 261 3551 atque
285 3457 322 3524 in
343 3466 511 3552 promptu
548 3457 704 3550 positum
735 3451 881 3525 dicendi
898 3450 1045 3523 modurn
1067 3451 1114 3523 ad
1130 3451 1376 3525 vividissimas

151 3593 205 3641 res
232 3571 391 3665 ingenue
418 3570 672 3666 exprimendas
688 3566 866 3641 adhibent
881 3569 953 3662 (3).
978 3566 1051 3659 Qui
1069 3580 1196 3640 contra
1218 3571 1375 3664 septimo

153 3681 296 3758 decimo
320 3689 358 3757 in
378 3685 511 3759 saeculo
531 3688 720 3782 ingenium
739 3683 893 3782 jactant,
910 3682 996 3756 dum
1023 3682 1118 3756 fietis
1133 3695 1169 3756 et
1187 3686 1373 3756 veritatem

154 3795 416 3874 excedentibus
430 3798 564 3874 fabulis
584 3803 794 3888 inserviunt,
816 3801 999 3874 arcessitis
1017 3813 1166 3872 utuntur
1184 3801 1375 3872 sententiis

153 3924 189 3986 et
220 3911 292 4010 jam
323 3911 621 3989 deflorescentem
654 3929 689 3987 et
721 3913 946 3988 deminutam
977 3912 1223 4010 hispaniensis
1245 3914 1375 3989 theatri

183 4134 220 4198 (1)
236 4132 301 4198 Qua·
320 4135 450 4186 comoedia
471 4153 487 4186 a
511 4137 578 4186 Lais
592 4139 623 4186 de
639 4135 765 4186 Miranda
788 4135 883 4202 scripta
904 4145 951 4186 est.

183 4214 220 4277 (2)
240 4215 326 4263 Toms
340 4216 468 4269 Natam.

182 4293 221 4359 (3)
238 4292 297 4342 Non
311 4294 366 4344 sine
381 4313 460 4347 causa
475 4299 662 4366 grammaticus
679 4301 711 4349 D.
730 4299 840 4348 Manuol
860 4299 964 4360 Callete,
987 4297 1049 4349 dum
1065 4297 1173 4349 mimum
1189 4299 1331 4366 quemdam
1346 4300 1380 4350 ab

152 4373 244 4422 Alonso
261 4375 293 4422 do
304 4373 397 4440 Salaya
413 4378 587 4443 compositum
609 4394 668 4429 cum
686 4377 820 4442 ,subsimili
833 4385 905 4445 parto
916 4378 1053 4429 comoediae
1065 4379 1101 4430 ΕΙ
1111 4380 1188 4428 Amor
1191 4397 1212 4444 y
1223 4381 1247 4430 el
1256 4380 1380 4432 Annua

151 4449 279 4519 inscripta·
298 4453 402 4517 confert,
418 4467 532 4508 veterem
546 4467 573 4510 ot
587 4459 723 4510 obscurum
741 4465 845 4526 poetam
861 4459 1012 4525 nescioquo
1036 4459 1149 4526 ingenuo
1161 4467 1186 4510 et
1207 4458 1286 4510 flebili
1307 4459 1379 4513 leno·

152 4531 220 4582 cinio
237 4533 399 4586 notissimum
425 4545 450 4587 et
474 4538 644 4590 recentiorem
662 4539 734 4589 Tirso
760 4540 791 4588 de
816 4541 918 4592 Melina
945 4539 1073 4589 interdum
1099 4556 1218 4606 superare
1245 4539 1376 4606 praedicat.

153 4609 198 4674 (ct
212 4613 303 4664 ream
314 4617 417 4678 espanol
431 4619 474 4668 del
486 4616 563 4684 Siglo
573 4619 642 4678 XVI,
661 4617 771 4683 Madrid,
790 4620 870 4685 1885).
883 4648 914 4661 -
925 4618 992 4670 Tale
1005 4620 1103 4688 aliquid
1112 4619 1208 4671 senties
1218 4620 1249 4686 si,
1265 4622 1379 4689 perlecta

152 4689 266 4754 Joufina
298 4697 430 4762 tragoedia,
455 4699 612 4751 comoediam
648 4701 715 4752 ‹Lou
730 4700 854 4764 Triunfos
870 4702 902 4750 de
923 4699 1023 4765 Josefo
1049 4700 1174 4754 evolveris
1195 4716 1253 4768 quae
1277 4717 1294 4754 ι
1316 4701 1378 4756 eat-

152 4767 250 4828 &ouo
262 4773 358 4846 scripu
370 4793 428 4831 em
444 4785 553 4848 ρων.
