3475 5609
712 531 867 595 ..41-

173 678 370 778 proverbiis
398 692 434 752 et
464 677 607 752 fabellis
641 678 838 752 illustratur
871 688 910 753 ut
944 677 991 751 ad
1025 675 1223 752 Celestz'noe
1252 675 1399 749 dicendi
1475 770 1483 775 ἱ
1587 720 1590 725 -
1679 641 1726 762 ³22

170 820 290 894 genus
309 794 583 892 explanandum
613 809 648 867 et
688 797 791 893 quasi
817 793 864 867 ad
885 794 1020 868 iontem
1057 792 1303 866 reducendum
1322 792 1412 890 plu:

171 914 303 985 rimum
332 910 465 984 valeat.

222 1026 279 1099 Ad
297 1024 461 1099 libellum
489 1050 635 1124 quoque
651 1030 712 1124 qui
744 1026 856 1123 vulgo
878 1056 896 1093 «
913 1028 971 1099 El
987 1025 1169 1100 Coroacho
1185 1054 1203 1093 »
1226 1024 1279 1119 (ι)
1309 1048 1399 1096 nun-

172 1155 325 1240 cupatur
339 1156 375 1215 et
394 1168 416 1214 a
438 1142 473 1215 F
475 1140 572 1214 ileno
585 1146 622 1213 in
643 1141 824 1240 johannis
836 1144 899 1215 del
914 1140 1063 1215 Encina
1079 1140 1217 1237 Ecloga
1231 1138 1400 1213 laudatur

173 1274 209 1333 te
236 1258 386 1331 tortasse
402 1283 569 1331 revocare
587 1284 734 1331 necesse
755 1274 861 1345 esset,
877 1263 906 1331 si
928 1262 1054 1332 omnia
1069 1282 1154 1355 quae
1170 1256 1266 1353 apud
1284 1253 1399 1351 Rojas

172 1390 337 1449 nostrum
365 1374 412 1447 ad
442 1374 689 1473 eloquendum
710 1376 879 1450 nonnihil
902 1378 1074 1448 momenti
1104 1372 1331 1447 obtinuerint
1346 1370 1399 1443 in·

171 1490 312 1589 quirere
347 1496 570 1588 propositum
593 1506 701 1565 esset.
728 1495 825 1566 Dum
847 1496 945 1565 enim
981 1490 1192 1563 «adversus
1230 1486 1399 1561 mulieres

175 1632 262 1705 quae
284 1624 450 1679 nontam
472 1608 591 1680 doctae
612 1634 720 1705 quam
743 1607 919 1705 improbae
940 1607 1028 1705 quid
1049 1606 1175 1679 deceat
1191 1630 1257 1677 nec
1273 1602 1399 1677 dicunt

169 1748 240 1795 nec
259 1721 397 1795 iaciunt
413 1754 430 1791 »
453 1726 505 1815 (2)
526 1748 674 1820 asperas
697 1722 847 1797 facetias
877 1723 1128 1797 Talaveranus
1147 1718 1396 1817 archipresby·

171 1852 269 1912 terus
300 1838 455 1937 Alsonso
491 1838 683 1943 Martinam
718 1840 762 1912 de
802 1840 926 1913 Tuledo
963 1837 1167 1935 destringit,
1190 1835 1343 1908 ridicula
1362 1850 1397 1908 et

170 1951 302 2027 festiva
336 1965 459 2026 narrat
490 1954 687 2053 quaejam,
718 1968 756 2029 ut
788 1960 839 2027 ita
876 1954 1010 2043 dicam,
1047 1952 1274 2029 Celestinam
1295 1950 1395 2025 subsi

170 2071 278 2167 punt
306 2071 370 2165 (3)·
499 2070 505 2081 '
811 2070 813 2075 ’

222 2183 298 2257 Sed
319 2182 401 2259 haec
420 2188 522 2258 satis.
543 2186 627 2279 Quo
646 2186 760 2287 Rojas
776 2188 886 2261 modo
910 2198 963 2260 tot
978 2200 1103 2259 ettam
1124 2188 1325 2259 contrarias
1340 2206 1396 2254 res

168 2300 328 2399 junxerit
376 2327 474 2374 nunc
518 2316 572 2374 est
616 2301 901 2377 enucleandum.
956 2305 1128 2402 Antiquis
1167 2314 1203 2374 et
1230 2296 1396 2396 hispanis

170 2414 407 2513 scriptoribus
429 2416 514 2516 quid
544 2416 606 2491 ille
622 2417 755 2515 adjecit
769 2422 785 2493 P
798 2420 968 2493 Alienum
984 2419 1171 2493 materiam
1188 2443 1260 2516 qua
1273 2427 1396 2488 mente

171 2530 340 2628 suijuris
372 2532 457 2605 iecit
491 2534 576 2606 dum
611 2540 754 2632 proprio
783 2540 935 2633 ingenio
963 2535 1111 2609 inservit
1139 2547 1175 2608 et
1205 2538 1291 2607 vitae
1317 2556 1395 2604 suae

170 2646 312 2719 forman
341 2647 490 2721 reddere
521 2652 708 2723 conatur?
762 2652 835 2744 Qui
875 2652 1035 2749 denique
1083 2651 1122 2725 fit
1156 2665 1194 2725 ut
1235 2653 1394 2748 priorum

171 2775 359 2859 poetarum
374 2767 528 2863 vestigia
556 2764 762 2855 deseruerit,
783 2792 850 2840 nec
864 2792 1046 2841 sacrarum
1064 2781 1126 2841 aut
1147 2766 1394 2841 bucolicarum

170 2876 388 2967 fabularum,
420 2879 482 2952 sed
523 2884 605 2953 novi
645 2895 681 2955 et
701 2882 841 2979 profani
876 2898 911 2956 et
943 2909 1025 2957 vere
1051 2884 1243 2957 dramatici
1276 2885 1396 2980 operis

171 3007 299 3067 auctor
317 2999 502 3069 evaserit?

199 3296 238 3355 (ι)
251 3294 300 3344 Hic
311 3294 412 3347 libellus
419 3314 488 3349 anno
496 3298 762 3350 MCCCCXXXVHI
775 3300 929 3366 s:riptusest
939 3304 985 3353 scd
996 3319 1064 3353 anno
1077 3303 1162 3355 solum
1179 3304 1394 3355 Mccccxclx

173 3376 198 3424 in
214 3375 409 3426 Toledanorum
426 3377 528 3428 civitate
543 3380 611 3445 typis
626 3381 769 3431 mandatus.

203 3464 242 3526 (2)
259 3466 405 3515 «Tractatio
419 3472 506 3518 contra
528 3470 567 3517 tas
582 3473 690 3533 mujeres
712 3488 760 3533 qrte
780 3489 824 3521 con
840 3481 898 3535 poco
912 3476 985 3523 saber
1003 3476 1126 3523 menclado
1138 3491 1181 3524 ron
1207 3476 1314 3524 malicia
1326 3477 1400 3525 dicen

173 3546 186 3591 ὁ
195 3547 275 3607 sacen
289 3562 357 3594 cosas
369 3564 400 3595 no
413 3550 519 3597 aehidas
531 3568 552 3599 u.

201 3635 238 3697 (3)
253 3633 294 3683 Ci.
309 3634 486 3687 Narrationem
501 3656 550 3703 qua
571 3640 699 3689 deridetur
713 3641 756 3690 ille
771 3644 915 3693 «cuballam
931 3646 1000 3708 oiejo
1017 3662 1067 3707 que
1089 3651 1153 3694 tomo
1172 3653 1219 3709 por
1240 3648 1324 3708 mujer
1348 3663 1401 3695 uua

174 3729 241 3761 mm
250 3729 272 3763 r.
