3475 5609
649 541 830 609 -„‚9-

126 687 335 786 spectacula
352 715 371 756 «
387 699 492 762 autor
509 718 527 758 »
551 693 677 786 postea
696 687 793 761 dicta
823 690 861 759 in
881 679 1198 783 septimodecimo
1217 686 1351 758 saeculo

127 802 397 892 redundabunt,
415 802 504 902 quid
525 803 621 901 apud
633 803 841 902 Johannem
862 803 906 873 de
927 802 960 872 Τ
955 800 1119 874 imoneda
1138 817 1199 874 aut
1219 801 1354 874 Alonso

125 923 170 994 de
185 921 221 992 la
249 921 344 1019 Vaga
363 922 529 992 invenias
547 924 620 992 nisi
637 917 721 991 ficta
738 930 772 990 et
788 943 914 1014 parum
935 917 1124 989 credibilia
1144 920 1160 989 l
1176 919 1351 990 Divinum

127 1039 167 1108 in
186 1065 206 1105 <x
227 1033 423 1110 Aurelia»
445 1034 585 1108 videbis
618 1034 795 1108 annulum
816 1033 917 1132 cujus
944 1034 1024 1106 duae
1054 1047 1183 1129 partes
1222 1033 1353 1105 multas

126 1165 210 1248 post
243 1153 560 1240 commutationes
610 1155 648 1222 in
692 1175 803 1224 unam
834 1164 1014 1247 coguntur
1044 1164 1080 1221 et
1113 1148 1219 1222 simul
1250 1151 1354 1221 turris

127 1271 268 1340 ruinam
282 1265 430 1339 trahunt
451 1292 524 1364 qua
544 1265 707 1364 collapsa
727 1269 847 1366 regius
865 1264 1059 1338 thesaurus
1073 1277 1235 1362 apparet.
1260 1264 1354 1359 Quae

126 1396 181 1453 est
215 1380 396 1475 rraqoedia
421 1383 596 1480 Serafina
631 1385 700 1454 nisi
732 1379 897 1454 fabulosa
928 1380 1061 1477 puellae
1092 1379 1244 1453 historia
1275 1406 1354 1477 quae
1454 1459 1457 1467 ,

127 1497 267 1569 null-cn
290 1501 359 1570 nisi
396 1483 713 1595 Amorem'ipsum
737 1521 859 1568 amare
894 1500 931 1567 in
970 1498 1094 1568 animo
1111 1495 1233 1582 habet,
1269 1521 1354 1594 quae

124 1638 210 1686 vero
230 1627 423 1710 postquam
444 1617 475 1686 ei
498 1613 559 1686 leri
581 1612 653 1686 duo
668 1612 838 1685 homines
859 1628 1009 1716 catenas
1027 1612 1226 1708 injecerunt
1243 1612 1352 1709 Cupi-

127 1727 224 1801 dini<
246 1732 384 1825 sagitta
410 1732 576 1826 tangitur
594 1753 662 1801 nec
682 1732 781 1824 prius
800 1755 819 1800 e
839 1728 960 1802 subito
975 1743 1010 1800 et
1031 1727 1198 1800 inaudito
1224 1753 1355 1800 somno

127 1844 321 1918 suscitatur
356 1869 468 1943 quam
497 1845 651 1919 dilectus
683 1845 826 1943 juvenis
854 1859 1006 1917 mortem
1038 1844 1107 1917 sibi
1138 1847 1356 1917 arcessivit?

131 1961 271 2034 Ducem
291 1971 433 2034 tantum
459 1960 496 2032 in
519 1960 712 2034 Comoedia
734 1991 752 2029 ‹<
774 1964 818 2034 de
839 1963 875 2032 la
895 1963 1070 2058 Duquesa
1090 1963 1133 2033 de
1159 1963 1196 2032 la
1218 1963 1314 2034 Rosa
1335 1992 1353 2029 »

129 2079 336 2151 invenimus
357 2081 419 2175 qui
441 2102 522 2149 vere
534 2080 694 2173 tragicas
710 2080 787 2175 agit
799 2090 920 2174 partes
933 2089 970 2151 et
984 2076 1209 2166 Calderonis,
1226 2077 1353 2150 honori

127 2191 235 2265 leroci
250 2204 286 2264 et
299 2205 448 2265 cruento
464 2192 573 2265 modo
585 2192 828 2282 inserviendo,
845 2196 1057 2265 memoriam
1075 2205 1233 2266 revocat.
1253 2192 1354 2287 Quid

129 2332 212 2381 vero
231 2312 445 2382 canentium
478 2308 598 2382 choris
626 2313 745 2407 magis
770 2308 950 2383 absonum
983 2313 1044 2407 qui
1080 2336 1099 2382 e
1132 2308 1298 2407 figuratis
1320 2323 1355 2383 et

130 2423 460 2520 incongmentibus
495 2425 657 2522 personis
689 2427 897 2498 constant?
931 2425 1030 2521 Quid
1060 2429 1149 2522 regii
1179 2428 1355 2523 principis

130 2537 345 2612 Dulcelz'rz'o
358 2539 467 2614 dictis
486 2561 521 2613 et
541 2529 647 2613 lactis
668 2539 789 2638 magis
804 2539 1009 2615 fabulosum
1030 2544 1046 2615 l

179 2655 273 2730 Haec
292 2667 417 2730 tamen
436 2672 472 2730 et
488 2656 560 2728 alia
582 2681 656 2729 non
673 2659 793 2730 minus
808 2655 964 2732 absurda
988 2656 1175 2756 publicum
1193 2656 1352 2731 favorem

127 2769 197 2844 sibi
215 2770 416 2845 conciliant
435 2771 521 2846 dum
539 2771 612 2870 jam
633 2772 725 2870 Lope
743 2773 786 2858 de
812 2774 907 2872 Vaga
923 2777 961 2844 in
980 2799 1023 2846 eo
1038 2786 1094 2847 est
1108 2788 1146 2848 ut
1169 2778 1274 2872 quasi
1294 2775 1355 2848 lax

127 2901 163 2960 et
191 2886 298 2960 stella
324 2899 509 2985 appareat.
533 2886 679 2980 Quibus
697 2891 797 2960 enim
830 2887 1049 2962 Valenciani
1070 2894 1132 2987 qui
1154 2890 1257 2987 primi
1286 2906 1356 2964 sta·

128 3002 240 3076 bilem
268 3001 450 3077 theatrum
482 3014 570 3077 tunc
590 3007 818 3078 constituunt
855 3005 1073 3104 spectaculis
1097 3004 1358 3082 delectantur?

129 3118 261 3192 Eorum
287 3130 413 3216 poetas
425 3117 586 3192 Artz'eda
602 3132 665 3192 aut
693 3119 832 3194 Virues
850 3124 881 3194 si
903 3119 1044 3219 legeris,
1059 3147 1157 3196 nunc
1176 3120 1355 3199 fabulosis

127 3237 349 3332 equestrium
376 3233 525 3309 heroum
546 3235 772 3309 facinoribus
804 3239 968 3310 intereris
996 3237 1062 3332 (r),
1079 3238 1280 3312 nuncnihil
1309 3264 1354 3313 ex

114 3350 269 3423 ¹ltalicis
288 3349 524 3446 scriptoribus
544 3364 732 3449 erogatum
760 3377 939 3448 agnosces
963 3357 1033 3425 nisi
1055 3355 1152 3451 quod
1174 3354 1220 3428 ad
1243 3381 1357 3428 novos

127 3479 165 3538 et
176 3489 333 3539 vesanos
347 3490 464 3539 rerum
476 3478 512 3540 et
524 3490 758 3565 personarum
777 3483 894 3541 motus
906 3466 1132 3566 effingendos
1146 3469 1265 3543 valeat
1286 3474 1298 3567 l
1328 3473 1355 3568 l.
1469 3539 1474 3550 .

129 3579 212 3654 Tali
229 3607 376 3680 quoque
400 3582 522 3656 studio
543 3581 722 3656 Sevillani
741 3580 900 3680 flagrant
933 3582 1141 3683 talibusque
1162 3585 1357 3660 dementiis

127 3696 302 3785 delirant,
318 3702 392 3797 qui,
412 3702 442 3771 si
464 3699 666 3772 comoedias
685 3697 732 3771 ad
752 3697 988 3795 disciplinam
1015 3701 1213 3799 quamdam
1233 3728 1255 3774 a
1274 3704 1356 3778 Ma·

12 3893 13 3898 ,
130 3811 214 3886 lara
226 3824 291 3887 aut
311 3815 481 3890 Gueva'ra
497 3814 794 3888 accommodatas
832 3841 908 3888 non
923 3819 1003 3888 sine
1022 3843 1135 3891 causa
1154 3822 1242 3893 satis
1262 3819 1357 3894 male

129 3927 330 4026 excipiunt,
348 3929 542 4004 theatralia
557 3955 667 4026 opera
683 3934 720 4002 in
736 3930 873 4029 quibus
887 3931 997 4032 Juan
1016 3935 1060 4005 de
1075 3935 1112 4006 la
1127 3937 1252 4008 Cueva
1262 3940 1358 4010 insa·

132 4045 359 4122 nirevidetur
373 4049 499 4120 nimiis
516 4062 552 4119 et
569 4050 759 4148 immeritis
771 4046 963 4144 plausibus
982 4052 1359 4147 consectanturQuot

131 4165 230 4234 enim
269 4166 308 4235 in
340 4165 393 4235 eis
423 4164 705 4235 incantamenta
726 4174 789 4236 aut
808 4177 964 4261 spectra,
985 4178 1075 4262 quot
1101 4166 1196 4240 virili
1225 4172 1360 4244 vestitu

133 4277 306 4352 mulieres
343 4276 491 4366 indutae,
546 4289 636 4375 quot
677 4277 844 4377 figurata
886 4305 1050 4379 persona
1096 4297 1351 4383 congeruntur

166 4526 206 4591 (ι)
227 4523 262 4576 Cl
283 4525 384 4574 Andrus
411 4527 465 4590 Ray
486 4524 654 4579 manteau:
680 4528 815 4578 «Amudis
829 4530 861 4578 da
883 4531 989 4583 Gauda»
1017 4539 1043 4582 et
1081 4535 1155 4586 «aa
1177 4535 1307 4590 Bm
1331 4538 1365 4590 de

137 4605 332 4753 “allgem
355 4685 455 4749 Infulis
473 4687 615 4739 Harma>
638 4703 716 4753 quum
730 4689 764 4739 ad
787 4691 946 4742 comoediam
973 4696 1183 4761 componendam
1210 4701 1327 4753 nonnihil
1345 4719 1362 4756 t

138 4777 258 4837 poemate
274 4765 320 4817 illo
334 4765 556 4832 Orlandofurim
569 4765 639 4820 dicto
655 4769 785 4821 Cristolal
797 4772 829 4822 de
843 4771 938 4823 Vim&
953 4780 1084 4829 nm
1097 4786 1146 4832 ut.
1229 4781 1232 4785 ’
