3475 5609
677 646 836 710 -23..

126 804 296 890 pastores
310 792 501 876 disserunt,
529 796 580 866 ita
599 804 638 867 ut
658 797 828 867 statarius
846 793 908 867 ille
923 794 1094 891 dialogus
1119 820 1209 868 sane
1237 794 1359 893 appel-

128 906 200 983 lari
216 914 332 1007 possit
355 943 361 1001 ;
398 909 670 1009 sedo-unquam
691 936 713 982 a
732 909 832 984 fonte
845 936 950 984 sacro
967 936 1046 984 sese
1069 926 1215 985 amovet
1235 927 1357 1009 poeta,

129 1024 434 1124 quandoquidem
456 1026 547 1099 nihil
569 1027 872 1101 acommenticiis
889 1027 1092 1124 Evangiliis
1109 1040 1359 1115 mutuatur,-

126 1140 233 1239 quod
261 1166 360 1241 saepe
390 1147 501 1216 nostri
536 1156 656 1241 poetae
687 1144 852 1217 eamdem
885 1144 980 1217 hanc
1015 1149 1205 1216 materiam
1234 1170 1357 1219 scenas

126 1258 452 1341 accommodantes
471 1259 587 1333 lacere
605 1286 678 1333 non
700 1258 971 1334 dubitaverunt.
1011 1260 1089 1333 Nec
1119 1264 1241 1334 minus
1271 1259 1356 1333 'sim-

129 1372 248 1471 plices
271 1373 335 1448 sed
360 1374 555 1450 dulcedine
583 1376 741 1475 quadam
775 1380 894 1474 magis
918 1378 1074 1474 perlusae
1097 1377 1264 1450 videntur
1280 1375 1355 1449 illae

128 1517 148 1557 <r
171 1490 515 1588 Representaciones
536 1494 580 1565 de
600 1493 636 1566 la
655 1492 795 1566 Pasion
810 1519 841 1592 y
858 1496 902 1565 de
923 1494 958 1566 la
978 1492 1216 1566 Restareccion
1233 1522 1252 1562 >>
1269 1518 1354 1591 quae

129 1606 170 1676 in
205 1617 307 1703 parte
338 1604 474 1681 aedium
519 1608 623 1681 ducis
678 1608 813 1681 Albani
863 1609 1031 1705 religioni
1084 1607 1207 1681 dicata
1253 1633 1353 1682 anno

127 1719 539 1799 MCCCCLXXXXlll
574 1738 656 1798 acta
684 1738 781 1817 sunt,
810 1724 925 1798 altera
950 1727 1201 1797 anniversario
1221 1728 1352 1797 mortui

125 1836 160 1934 J.
192 1836 240 1911 C.
275 1836 349 1919 die.
380 1840 492 1913 altera
519 1840 581 1913 illo
611 1841 670 1915 die
698 1868 770 1939 quo
797 1844 828 1939 J.
853 1841 896 1913 C.
921 1852 1173 1913 renascentem
1186 1840 1351 1913 concele-

126 1949 247 2025 brant.
282 1954 323 2029 ln
343 1952 399 2029 bis
426 1956 644 2053 spectaculis
664 1982 747 2030 cum
768 1958 952 2030 Veronica
975 1956 1091 2029 oculis
1106 1958 1350 2052 spectantium

126 2066 340 2144 obversatur
358 2096 442 2169 quae
468 2070 610 2147 duobus
632 2074 790 2145 eremitis
816 2071 1045 2145 Salvatorem
1078 2084 1114 2144 et
1143 2070 1180 2142 in
1206 2096 1350 2143 crucem

125 2196 251 2259 actum
271 2212 351 2261 esse
370 2200 405 2260 et
425 2185 474 2259 ibi
494 2202 607 2263 morte
628 2188 892 2262 nefandissima
911 2201 1135 2287 peremptum
1149 2212 1228 2260 esse
1243 2212 1347 2285 ques-

126 2299 226 2374 tibus
250 2316 286 2377 et
302 2300 461 2377 lacrimis
484 2317 629 2377 enarrat
653 2338 659 2391 t
696 2320 771 2378 tum
801 2317 929 2377 contra
957 2304 1073 2377 Lucas
1099 2307 1161 2400 qui
1189 2306 1349 2376 maxima

126 2431 332 2492 commotus
347 2418 476 2493 laetitia
503 2432 539 2495 et
564 2424 624 2518 pio
649 2446 825 2494 accensus
853 2445 976 2493 amore
1003 2418 1151 2517 jamjam
1176 2419 1349 2493 omnibus

123 2532 223 2607 orbis
253 2547 426 2608 terrarum
459 2535 603 2635 populis
632 2534 884 2612 dulcissimum
912 2539 1101 2634 imperium
1129 2548 1165 2607 et
1196 2538 1346 2632 optatis-

122 2654 255 2724 simum
270 2676 412 2725 crucem
429 2650 529 2726 illam
552 2656 802 2751 imposituram
824 2652 1014 2749 praedicat.

171 2766 256 2841 Non
276 2792 360 2840 vero
380 2767 547 2841 eamdem
569 2767 721 2842 lormam
754 2766 911 2841 referunt
937 2767 1011 2841 duo
1030 2767 1181 2865 Eclogae
1201 2792 1287 2865 quae
1308 2770 1345 2838 in

120 2894 229 2956 nocte
244 2882 533 2958 bacchanalibus
548 2888 695 2982 signata
711 2910 810 2958 anno
825 2883 1234 2958 MCCCCLXXXXIV
1250 2894 1344 2955 actae

118 3010 215 3087 sunt,
239 2998 353 3072 altera
382 3011 467 3073 ante
487 3025 645 3090 coenam,
670 2999 785 3074 altera
817 3025 902 3074 vero
922 3013 1001 3099 post
1033 3023 1178 3073 coenam
1211 2997 1345 3071 ducum

118 3113 360 3188 Albanorum.
385 3116 426 3188 ln
460 3115 574 3189 altera
593 3120 691 3190 enim
713 3130 835 3214 pastor
856 3114 1010 3189 Benez'to
1044 3129 1080 3188 et
1106 3114 1182 3212 ejus
1207 3113 1347 3186 amicus

116 3228 217 3303 Bras
238 3228 283 3303 de
304 3228 401 3306 bello
420 3232 519 3332 quod
539 3259 620 3306 cum
646 3232 771 3307 Gallia
791 3232 1001 3331 impendeat
1030 3236 1239 3331 queruntur,
1262 3254 1345 3303 cum

36 3356 41 3364 '
114 3370 136 3420 e
156 3344 311 3419 macello
330 3348 443 3422 redux
471 3349 654 3422 Pedruelo
674 3352 843 3423 nuntium
865 3348 939 3446 jam
965 3347 1024 3421 icti
1049 3346 1196 3420 loederis
1216 3344 1342 3437 affert;

115 3484 189 3559 quo
212 3460 339 3537 audito
360 3462 436 3538 laeti
469 3462 629 3563 lepidum
662 3494 681 3535 «
704 3464 903 3538 villancico
925 3494 944 3534 »
965 3477 1116 3537 cantare
1132 3466 1342 3535 instituunt.

116 3576 239 3675 Spirat
261 3577 323 3651 ille
351 3579 522 3679 dialogus
538 3580 678 3680 aliquid
703 3583 775 3655 veri
796 3581 905 3653 simul
935 3594 970 3653 et
1000 3582 1149 3667 amoeni,
1182 3592 1218 3651 et
1240 3602 1345 3651 voca·

115 3692 240 3767 bulum
295 3704 553 3795 «sagagues»
598 3698 651 3794 (1)
696 3698 834 3771 dictum
876 3721 950 3794 quo
992 3708 1155 3793 pastores
1196 3705 1345 3767 utuntur

117 3833 284 3905 saporem
311 3808 469 3884 lacetum
507 3811 660 3885 redolet.
701 3813 820 3885 Sonat
856 3814 1027 3885 rusticius
1053 3809 1215 3883 secunda
1250 3812 1345 3880 intra

112 3938 253 4022 tempus
268 3924 552 4000 bacchanalium
572 3942 655 4000 acta
671 3926 821 4028 Eclogae
838 3930 877 3999 in
893 3954 983 4025 qua,
1006 3930 1099 4000 sicut
1121 3930 1158 3997 in
1181 3925 1344 3998 ridiculis

112 4051 147 4113 et
168 4039 337 4138 figuratis
356 4041 493 4140 proeliis
509 4042 641 4141 quibus
661 4042 758 4117 Galli
780 4046 914 4139 pariter
927 4068 970 4115 ac
993 4042 1149 4140 Hispani
1171 4040 1343 4113 delectati

113 4169 197 4230 sunt
224 4156 292 4254 (2),
339 4156 519 4231 heluones
556 4157 601 4232 de
635 4157 780 4233 edendo
813 4157 953 4231 fortiter
979 4157 1192 4245 decernunt,
1226 4181 1294 4228 nec
1323 4182 1346 4228 a

145 4350 183 4417 (ι)
210 4350 268 4401 Hoc
297 4357 470 4417 ‹sayogudss
495 4354 599 4403 verbum
625 4372 641 4403 a
662 4355 809 4417 ‹Sagayo›
824 4370 895 4421 pago
910 4354 947 4416 (in
971 4354 1103 4418 provincia
1116 4354 1234 4411 Zamora)
1247 4352 1345 4401 dictum

113 4438 151 4483 est
168 4432 240 4497 cujus
255 4439 372 4498 pastores
387 4433 413 4482 in
424 4432 571 4499 eloquendo
585 4441 610 4484 et
624 4434 721 4485 vitiosis
736 4443 762 4484 et
773 4434 898 4484 obsoletis
923 4433 1029 4484 vocibus
1053 4433 1188 4483 utebantur
1210 4448 1275 4497 quas
1289 4431 1346 4481 bar·

116 4512 190 4563 baras
201 4521 246 4563 aut
260 4530 276 4563 a
291 4514 433 4579 quotidiani
444 4515 571 4564 sermonis
585 4530 630 4564 usu
642 4515 800 4565 intermissas
822 4523 938 4581 repetere
953 4514 1077 4564 bucolicis
1088 4513 1181 4563 tabulis
1195 4522 1220 4563 et
1238 4511 1344 4563 canticis

114 4594 145 4643 de
158 4591 297 4643 Nativitate
325 4594 521 4644 ‹villancicosa
547 4592 623 4643 dictis
639 4604 851 4658 consentaneum,
879 4596 994 4645 secunda
1007 4594 1101 4645 saltem
1114 4594 1140 4643 in
1160 4602 1232 4659 perte
1249 4591 1344 4641 decimi

115 4670 194 4739 quinti
211 4672 308 4735 saeculi,
331 4674 444 4723 habitum
460 4682 507 4725 est.

146 4754 181 4817 (a)
196 4750 239 4803 Cf.
260 4752 425 4806 ridiculosam
440 4753 512 4805 illam
525 4756 605 4807 rixam
618 4772 633 4805 e
644 4756 755 4808 Bataille
772 4756 804 4805 de
829 4756 955 4805 Karesme
974 4763 1000 4805 et
1021 4755 1054 4805 de
1069 4754 1205 4820 Chamage
1218 4770 1233 4805 s
1247 4753 1343 4802 dictam

117 4832 283 4883 austacetam
306 4834 371 4883 hanc
391 4852 505 4905 pugnam
532 4853 582 4901 qua
608 4852 666 4885 cum
697 4838 767 4885 adon
785 4838 875 4885 Tocr'rro
890 4854 903 4886 s
919 4836 1036 4899 (Petaso)
1062 4843 1087 4884 et
1114 4837 1209 4888 ‹dor'ra
1224 4834 1343 4884 θεοίνια»

118 4910 202 4977 (Salsa
216 4920 287 4979 caro)
315 4916 366 4964 «d.
387 4918 550 4969 Cuaresmas
579 4924 604 4966 et
630 4916 864 4983 archipresbyteros
889 4920 922 4966 do
948 4918 1015 4967 Hira
1030 4915 1179 4983 confligunt.
1199 4915 1286 4981 (libro
1311 4914 1344 4966 dt

120 4992 264 5059 cantares).
