3475 5609
890 530 1053 608 ..3⁶-

372 694 447 765 suis
470 690 518 765 ad
550 690 738 764 infamiam
769 705 994 788 mortemque
1014 691 1254 765 adducuntur.
1272 690 1405 763 Nonne
1441 694 1597 789 primum

370 819 491 882 actum
526 809 619 880 adeo
658 806 808 902 longum
856 806 970 905 Rojus
1003 806 1134 879 iecisse
1172 806 1312 880 videtur
1344 807 1596 904 quianullum

369 924 494 1013 alium,
521 948 602 997 curn
624 922 670 994 ad
685 922 917 995 scribendum
932 947 1125 1021 aggressus
1152 935 1206 996 est
1229 921 1498 996 meditabatur?
1601 936 1606 943 '

347 1047 349 1055 ⁴
416 1041 513 1134 Quae
534 1063 616 1112 cum
636 1042 750 1137 prima
767 1042 878 1112 totius
894 1037 1012 1136 operis
1044 1037 1160 1112 forma
1180 1039 1252 1112 dici
1284 1043 1411 1135 possit,
1433 1040 1598 1114 secunda

367 1168 422 1229 est
449 1181 534 1255 quae
555 1160 592 1227 in
618 1153 733 1251 prima
752 1152 915 1231 editione
950 1156 1124 1254 (Burgus,
1168 1154 1595 1251 MCCCCLXXXXIX)

346 1296 349 1301 “
367 1272 551 1345 sexdecim
566 1296 611 1344 ex
627 1270 770 1344 actibus
785 1285 930 1343 constat
943 1282 978 1342 et
1000 1269 1087 1341 mibi
1110 1269 1257 1367 quidem
1282 1270 1342 1362 (de
1356 1297 1429 1367 quo
1449 1275 1598 1367 penitus

348 1382 567 1461 ‘disserendi
596 1401 738 1459 nonest
758 1387 818 1458 hic
847 1387 961 1475 locus)
980 1387 1218 1459 dramaticam
1248 1391 1413 1460 virtutem
1436 1391 1596 1460 maxime

369 1508 495 1577 mereri
517 1502 666 1577 videtur.
705 1504 848 1575 Etenim
874 1502 903 1574 si
929 1502 1101 1599 quaedam
1128 1527 1362 1599 personarum
1398 1501 1594 1575 ratiocina-

367 1624 486 1694 tiones
507 1644 575 1692 nec
595 1646 669 1693 non
686 1633 720 1692 et
750 1634 870 1715 partes
892 1617 1083 1691 nonnullae
1100 1616 1248 1692 inutiles
1268 1622 1588 1723 supprimerentur,

368 1727 459 1808 nihil
482 1735 672 1833 impediret
705 1739 794 1832 quin
817 1734 1008 1809 Celestina
1030 1738 1067 1805 in
1095 1760 1244 1806 scenam
1265 1733 1415 1832 produci
1450 1749 1589 1832 posset.

349 1852 441 1926 ¹Sed
461 1877 543 1925 cum
565 1850 773 1948 legentibus
794 1854 915 1949 potius
935 1875 1045 1948 quam
1067 1850 1301 1927 audientibus
1319 1840 1587 1938 destinaretur,

364 1982 586 2041 comantem
607 1966 746 2041 videret
766 1981 892 2039 auctor
911 1992 984 2063 quo
1005 1964 1124 2038 lavore
1149 1970 1453 2063 excipereturlt),
1473 1970 1592 2064 primo

348 2096 352 2107 '
367 2086 486 2181 operis
500 2081 657 2156 consilio
678 2083 856 2158 nonnulla
876 2081 1007 2154 addere
1024 2108 1134 2156 ausus
1154 2098 1219 2154 est.

414 2202 454 2273 ln
476 2230 494 2267 ‹<
508 2200 694 2300 Prologus>
716 2199 775 2296 qui
798 2199 833 2269 in
861 2198 1023 2272 editione
1039 2224 1138 2271 anno
1161 2200 1271 2271 MDll
1293 2199 1441 2297 vulgata
1458 2198 1592 2297 legitur

363 2317 401 2391 F
400 2318 561 2388 ernando
585 2318 628 2389 de
647 2314 761 2411 Ros'as
785 2327 970 2413 computat
992 2340 1101 2411 quam
1135 2314 1291 2388 diversae
1324 2315 1369 2387 de
1399 2314 1589 2389 Celestz'na

351 2432 495 2506 'luerint
516 2432 716 2530 legentium
737 2435 943 2516 sententiae,
969 2431 1116 2529 aliaque
1135 2456 1173 2503 se
1195 2430 1400 2503 adscribere
1426 2431 1588 2505 declarat

363 2549 496 2647 quibus
518 2576 590 2620 non
607 2552 760 2620 omnino
780 2547 1024 2620 detrectantes
1039 2550 1220 2643 reprimat.
1246 2546 1311 2619 sed
1332 2547 1465 2645 populo
1484 2552 1588 2621 satis·

352 2664 470 2738 ‘iaciat
492 2688 667 2738 novarum
696 2688 811 2735 rerum
833 2688 974 2759 semper
993 2661 1138 2760 cupido.
1159 2662 1244 2736 ldeo
1264 2662 1311 2735 ab
1340 2688 1440 2736 anno
1473 2664 1585 2738 MDll

363 2780 552 2855 Celestz'na
580 2806 624 2853 ex
645 2805 718 2853 uno
745 2793 780 2851 et
812 2782 942 2875 viginti
982 2777 1125 2851 actibus
1158 2790 1302 2852 constat
1326 2779 1587 2879 nonnullisque

360 2896 480 2970 scenis
506 2897 642 2970 ditatur
668 2921 753 2994 quae
774 2893 1036 2967 delicatissime
1056 2892 1246 2969 hominum
1268 2898 1413 2969 animos
1428 2920 1586 2993 perscru-

359 3026 481 3086 tantur
499 3027 535 3086 et
554 3011 757 3085 vehementi
775 3036 881 3084 cursu
894 3010 1103 3085 auleruntur
1114 3044 1122 3102 ;
1142 3010 1226 3084 aliis
1246 3037 1330 3086 vero
1347 3016 1586 3111 corrumpitur

358 3153 623 3228 quaepersaepe
642 3126 771 3200 eadem
799 3140 835 3199 et
864 3125 1010 3199 inutilia
1041 3131 1183 3216 iterant,
1222 3140 1259 3201 et
1285 3125 1449 3201 molliore
1483 3127 1582 3202 nodo

358 3243 492 3318 labulae
513 3244 795 3340 conjunguntur.
814 3242 1046 3339 Quapropter
1070 3242 1301 3339 grammatici
1332 3243 1481 3342 quidam
1503 3248 1580 3343 qui,

359 3364 454 3433 sicut
475 3364 592 3445 ceteri,
625 3360 766 3432 tertiam
801 3356 1001 3431 Celestz'noe
1028 3359 1181 3430 formam
1201 3373 1342 3432 tantum
1375 3359 1496 3458 legere
1524 3387 1585 3459 po-

356 3466 505 3549 tuerunt
538 3476 744 3573 quibusque
778 3473 1076 3548 adnumerandus
1122 3487 1177 3546 est
1227 3476 1277 3548 l).
1305 3476 1616 3557 Buenauenturus

357 3593 493 3665 'Carlos
512 3590 654 3665 Arr'bau
675 3594 726 3687 (2)
760 3616 839 3662 earn
871 3594 974 3687 quasi
996 3591 1117 3663 fictam
1153 3590 1340 3665 historiam
1360 3618 1439 3665 esse
1458 3598 1584 3667 existi-

361 3722 548 3781 maverunt
593 3732 687 3805 quae,
727 3731 952 3804 quamquam
998 3709 1035 3777 in
1077 3706 1245 3804 dialogos
1279 3706 1476 3783 distributa
1511 3722 1582 3800 est,

359 3824 529 3898 librorum
546 3822 699 3921 primum
715 3820 900 3919 exemplar
920 3821 991 3893 dici
1008 3834 1127 3920 potest
1142 3826 1219 3921 qui,
1230 3823 1449 3925 ignobilium
1466 3850 1584 3901 rerum

359 3953 394 4013 et
413 3964 646 4037 personarum
659 3938 745 4011 dum
766 3941 925 4034 speciem
946 3937 1095 4013 reddere
1110 3953 1301 4031 conantur,
1318 3970 1336 4009 <r
1345 3941 1583 4040 picarescos»

355 4068 441 4129 sunt
461 4056 673 4151 nuncupati.
690 4053 735 4126 At
746 4078 814 4126 nos
829 4052 1086 4128 contendimus
1098 4066 1134 4127 et
1153 4054 1228 4133 alio
1248 4055 1328 4130 loco
1342 4057 1580 4133 ostendemus

355 4170 582 4247 Celestinam
609 4170 760 4267 dignam
795 4194 875 4242 esse
909 4194 984 4242 non
1010 4168 1128 4244 solum
1173 4198 1258 4271 quae
1284 4173 1581 4270 tragicomoediae

353 4286 502 4361 nomine
535 4301 691 4372 ornetur,
730 4282 794 4358 sed
830 4288 942 4358 etiam
976 4311 1061 4385 quae
1088 4285 1203 4386 prima
1229 4287 1328 4386 apud
1360 4292 1582 4365 recentiores

353 4404 508 4501 Europae
538 4401 704 4476 homines
736 4400 946 4475 dramaticis
968 4404 1169 4479 eminuisse
1188 4403 1361 4480 laudibus
1385 4404 1576 4482 habeatur.

385 4625 422 4689 (r)
433 4624 518 4689 Quem
531 4624 645 4675 latorem
666 4622 728 4673 satis
748 4622 895 4689 significant
911 4622 1037 4674 editiones
1049 4640 1107 4690 quae
1134 4623 1300 4677 Smamaucae
1322 4625 1401 4693 (MD)
1429 4636 1457 4679 et
1470 4628 1577 4680 Sevillae

352 4706 443 4773 (MDI)
457 4703 614 4772 pervulgatae
629 4710 697 4754 sunt.

382 4790 419 4855 (ap
434 4786 476 4837 et.
490 4786 657 4845 ‹Biblioteca
670 4786 704 4837 ds
717 4786 826 4839 Autores
839 4784 995 4853 Espalloles,
1007 4794 1080 4839 toruo
1097 4786 1141 4853 111,
1155 4787 1266 4855 Madrid‚
1285 4788 1584 4859 Rivtdeneyra,1849.»'
