3475 5609
896 515 1074 562 —110-

374 660 495 752 Quam
525 663 813 758 incongruenter,
858 661 1045 758 permixtis
1077 661 1356 758 antiquioribus
1374 675 1409 735 et
1429 663 1604 736 recentio-

372 776 470 849 ribus
490 777 581 850 locis
602 790 637 850 et
667 763 902 873 temporibus,
928 778 975 850 ab
1004 778 1190 874 Hispania
1215 781 1253 848 in
1274 777 1435 849 Africam
1457 794 1492 850 et
1513 780 1607 878 Scy-

372 893 486 966 thiam
532 907 567 966 et
622 894 898 992 longinquiores
936 897 1103 990 regiones
1162 898 1324 966 vicissim
1363 896 1604 970 traducimur!

375 1006 519 1100 Quibus
532 1035 576 1081 ex
593 1006 753 1080 mirificis
766 1021 802 1081 et
822 1013 1040 1105 portentosis
1062 1008 1407 1108 rebusquamquam
1426 1010 1608 1108 johannis

371 1126 415 1196 de
435 1125 471 1196 la
499 1127 621 1199 Cueva
640 1122 772 1196 iabulae
793 1136 975 1209 constant,
1000 1124 1110 1220 longe
1148 1138 1234 1198 sunt
1262 1139 1385 1198 tamen
1413 1139 1451 1198 ut
1486 1126 1533 1197 ab
1554 1129 1607 1198 eis

372 1240 464 1338 Lope
504 1239 652 1338 ejusque
706 1240 876 1336 discipuli
912 1265 1056 1335 semper
1088 1239 1319 1314 abhorreant.
1353 1242 1413 1331 Ur,
1450 1241 1606 1338 exempli

241 1345 244 1352 ¹
331 1450 335 1456 .
372 1359 503 1452 gratia,
526 1355 584 1428 El
596 1354 769 1453 principe
798 1355 936 1439 timna,
972 1360 1024 1426 sic
1053 1357 1109 1429 No
1141 1357 1295 1457 keyser
1328 1359 1446 1454 padre
1481 1356 1609 1430 ciendo

372 1495 439 1568 rey
458 1473 510 1568 (1)
534 1469 580 1544 ad
600 1475 737 1543 exitum
754 1486 934 1568 properat,
959 1497 1026 1542 uec
1046 1497 1120 1544 non
1139 1470 1314 1569 quaedam
1353 1471 1400 1545 ab
1427 1474 1485 1544 El
1505 1475 1607 1569 Infa-

373 1587 497 1658 mador
529 1599 712 1659 mutuatur
753 1587 812 1658 El
840 1587 1034 1659 Burlador
1070 1590 1114 1658 de
1152 1586 1299 1660 Sevr'llu
1338 1590 1405 1683 (2).
1437 1589 1606 1660 Veterem

373 1727 518 1800 quoque
548 1701 821 1775 Sevillanorum
852 1714 997 1797 poetam
1031 1700 1083 1773 illi
1114 1704 1343 1799 perlexcrunt
1381 1707 1443 1800 qui
1477 1716 1608 1801 postea

371 1818 429 1890 El
443 1818 628 1892 Bastardo
647 1818 832 1889 Madarra
855 1820 919 1914 (3)»
952 1818 1021 1890 las
1041 1816 1143 1891 Siete
1170 1820 1338 1916 Infantes
1366 1821 1409 1890 de
1433 1819 1532 1890 Lura
1553 1821 1606 1911 (4)

373 1954 408 2005 et
432 1933 490 2006 El
510 1937 621 2006 Cerco
645 1935 690 2005 de
713 1933 876 2006 Zamam
910 1933 962 2028 (5)
988 1947 1280 2028 composuerunt.

423 2047 523 2141 Quid
548 2075 593 2121 ex
625 2048 681 2122 his
702 2048 898 2121 inieramus
932 2050 1104 2146 oportet?
1131 2050 1254 2121 Primo
1272 2048 1344 2145 jam
1367 2052 1485 2121 aetatis
1506 2048 1605 2145 apud

376 2164 567 2260 Hispanos
601 2188 793 2237 «aureae»
826 2162 935 2236 dictae
957 2178 1050 2254 ortu,
1093 2189 1179 2236 num
1218 2162 1412 2237 Celestz'nae
1449 2167 1608 2260 vestigia

371 2279 466 2353 adeo
504 2293 624 2376 poetae
659 2281 829 2353 deserunt
850 2291 889 2352 ut
908 2304 1012 2353 veras
1032 2305 1148 2352 rerum
1168 2294 1203 2353 et
1219 2280 1407 2352 hominum
1426 2278 1607 2376 imagines

375 2394 504 2468 referre
528 2395 805 2493 dedignentur?
834 2397 920 2469 Non
941 2399 993 2469 ita
1013 2421 1051 2468 se
1070 2421 1126 2468 res
1148 2395 1272 2468 habet.
1303 2395 1485 2468 Fictarum
1517 2421 1607 2467 sane

372 2523 407 2584 et
442 2539 464 2584 a
498 2511 717 2610 quotidiano
744 2536 811 2584 usu
844 2528 1063 2587 remotarum
1092 2511 1296 2585 fabularum
1330 2512 1450 2585 studio
1485 2513 1607 2607 magis

286 2663 288 2670 r
374 2628 564 2728 magisque
585 2628 740 2726 Hispani
769 2627 977 2726 indulgent,
1000 2655 1074 2701 non
1095 2627 1119 2699 ii
1138 2653 1222 2702 vero
1236 2628 1322 2701 iacti
1344 2632 1405 2725 qui
1437 2631 1607 2701 scenicos

373 2744 477 2818 ludos
510 2743 615 2818 flocci
642 2743 778 2818 iaciant
809 2749 847 2817 in
877 2743 1010 2842 quibus
1054 2769 1217 2842 personae
1255 2743 1454 2817 viventium
1495 2742 1607 2817 modo

373 2863 508 2957 spirare
538 2860 742 2933 videantur.
781 2860 899 2953 QuoS,
933 2860 1033 2934 verbi
1065 2859 1196 2957 gratia,
1233 2860 1402 2933 homines
1422 2863 1460 2929 in
1484 2862 1607 2931 mimis

374 3003 403 3066 <<1
405 2979 570 3074 farsas»
605 2991 667 3049 aut
707 3005 726 3044 <r
742 2987 997 3048 entremeses»
1032 2977 1141 3049 dictis
1180 2976 1291 3076 Juan
1327 2978 1371 3047 de
1412 2973 1606 3046 Timonedu

373 3090 626 3190 colloquentes
656 3073 796 3164 inducit
822 3095 892 3164 nisi
925 3095 987 3188 qui
1017 3091 1137 3164 locum
1166 3095 1205 3163 in
1240 3090 1437 3165 Celestr'na
1467 3087 1542 3186 jure
1562 3114 1606 3161 ac

373 3213 501 3282 merito
516 3207 584 3282 sibi
602 3205 790 3280 vindicare
817 3221 967 3304 possent
986 3209 1003 3279 P
1025 3207 1066 3280 Si
1088 3206 1249 3303 ejusdem
1266 3219 1329 3279 aut
1353 3207 1482 3279 Alonsi
1498 3207 1542 3278 de
1569 3207 1607 3277 la

380 3325 474 3424 Vega
494 3321 697 3396 comoedias
716 3321 907 3409 evolveris,
932 3322 1056 3395 lamul':
1078 3322 1144 3395 tibi
1159 3336 1346 3395 occurrent
1375 3325 1437 3419 qui
1462 3319 1601 3392 eisdem

265 3518 275 3545 .
372 3466 415 3512 ac
437 3438 649 3537 Sempronio
669 3451 730 3512 aut
750 3439 782 3510 T
777 3437 902 3511 rr'stan
923 3438 1061 3512 salibus
1087 3451 1124 3510 et
1144 3437 1284 3511 lacetiis
1303 3451 1465 3511 utuntur.
1490 3437 1605 3536 Juan

372 3558 415 3628 de
435 3556 471 3627 la
491 3559 615 3630 Cueva
649 3558 740 3652 ipse,
772 3579 999 3653 quamquam
1031 3555 1230 3644 Nemesim,
1265 3554 1454 3635 Somnum,
1483 3551 1604 3623 Betim

372 3670 520 3746 fluvium
541 3670 707 3769 aliasque
740 3668 924 3743 tabulares
951 3694 1124 3766 personas
1145 3669 1353 3766 interponit,
1378 3666 1604 3741 (Telestinam

373 3787 521 3861 laudare
546 3813 622 3862 non
655 3787 800 3860 dubitat
830 3785 882 3884 (6)
904 3787 1007 3883 cujus
1036 3791 1313 3858 incantamenta
1339 3798 1375 3857 et
1410 3781 1605 3855 machinas

373 3905 420 3978 ad
452 3902 586 4003 puellae
624 3928 773 3998 amoren
810 3902 973 3976 Lencino
1002 3899 1277 3975 conciliandum
1311 3898 1480 3972 Teodora
1518 3896 1604 3969 lena

373 4021 537 4095 adhibet.
574 4021 659 4093 Duo
691 4019 851 4117 denique
873 4017 1065 4091 theatralia
1098 4041 1209 4115 opera
1240 4042 1325 4115 quae
1362 4015 1419 4089 vel
1454 4015 1603 4086 maximi

372 4149 458 4214 ante
484 4137 577 4237 [ope
601 4138 644 4210 de
670 4137 766 4235 Vega
786 4133 1006 4208 aestimanda
1024 4147 1109 4207 sunt
1128 4132 1241 4232 Rojas
1262 4135 1374 4206 nostri
1397 4129 1546 4204 modum
1566 4140 1602 4200 et

403 4365 442 4429 (ι)
458 4361 597 4413 Francisco
619 4359 652 4409 de
676 4359 765 4424 Roju.

405 4445 445 4510 (2)
463 4442 540 4493 Timo
553 4441 587 4490 de
606 4438 715 4489 Molina.

403 4525 442 4591 (3)
459 4523 531 4589 Lope
546 4521 580 4571 de
590 4519 676 4586 Vaga.

402 4605 440 4668 (4)
458 4601 574 4652 Hnrtado
588 4599 712 4651 Velarde.

403 4684 438 4748 (5)
454 4681 602 4734 ὓὶωιιιῐε.

402 4763 439 4832 (6)
453 4761 488 4816 ct
505 4761 624 4816 condia
637 4761 680 4814 dd
692 4760 853 4827 Infcmdor.
