3475 5609
742 618 901 747 μη-
1003 665 1010 689 ·

200 852 286 902 suas
305 841 467 929 pastores
487 830 644 924 ipsorum
666 829 910 924 cogitationes
925 824 1045 900 verbis
1071 822 1219 900 reddere
1247 824 1312 899 sed
1340 848 1425 923 quae

201 945 357 1019 dicenda
377 943 450 1016 illis
468 960 576 1041 poeta
597 940 806 1039 imposuerit
820 954 857 1016 et
875 967 949 1016 non
969 966 1037 1016 suo
1056 945 1206 1024 nomine
1221 941 1286 1015 sed
1302 952 1424 1037 poetae

200 1064 280 1134 vice
295 1060 395 1159 loqui
411 1059 613 1132 videantur.
643 1060 814 1156 Denique
840 1082 1007 1155 personae
1032 1083 1117 1157 qua:
1138 1056 1290 1154 dialogo
1319 1058 1427 1128 inter·

201 1191 287 1250 sunt
303 1175 403 1250 nulla
425 1179 518 1248 inter
531 1200 570 1248 se
589 1172 888 1248 dissimilitudine
899 1173 1060 1263 discreti,
1082 1174 1251 1247 eumdem
1275 1171 1427 1245 releren-

202 1307 256 1365 tes
282 1291 340 1366 vel
374 1288 563 1388 cogitandi
583 1291 639 1365 vel
666 1289 840 1388 loquendi
863 1289 1043 1380 habitum,
1076 1290 1124 1363 ab
1158 1290 1228 1364 hac
1253 1285 1428 1361 varietate

203 1436 288 1508 quae
309 1408 402 1482 inter
421 1408 589 1483 homines
607 1421 662 1482 est
678 1406 888 1487 abhorrent.
908 1409 1021 1504 Igitur
1042 1407 1099 1481 vel
1117 1407 1245 1482 inillis
1264 1404 1424 1503 dialogis

204 1527 266 1621 qui
305 1537 467 1622 tempore
506 1522 730 1599 Celestinam
764 1539 988 1621 praecurrunt
1023 1523 1155 1623 lyricus
1174 1528 1296 1624 potius
1316 1544 1426 1621 quam

202 1664 326 1713 scenae
347 1654 455 1714 natus
465 1653 573 1738 poeta
586 1640 696 1741 Juan
710 1640 774 1713 del
786 1640 824 1713 E
824 1638 935 1713 noina
948 1638 1142 1716 videbitur.

255 1755 321 1833 Illa
353 1760 560 1831 necessario
579 1767 682 1830 erant
701 1754 858 1829 dicenda
876 1759 1088 1855 priusquam
1111 1755 1293 1831 Fernandi
1314 1761 1426 1832 nostri
1509 1801 1519 1820 ·

205 1871 440 1972 colloquium
450 1877 677 1971 attingamus
697 1876 734 1945 in
755 1898 829 1971 quo
858 1884 987 1946 natura
1008 1874 1257 1971 Hispanorum
1283 1880 1429 1974 propria

203 2032 251 2046 -
270 1989 316 2063 de
339 2016 412 2087 qua
434 1988 544 2087 paulo
569 2002 654 2064 ante
686 1987 846 2063 diximus
873 2032 918 2046 -
942 2014 1023 2063 sese
1047 1988 1195 2063 liberius
1214 1989 1422 2088 patefaciet.

205 2108 378 2181 Attamen
394 2130 468 2178 non
484 2105 602 2180 solum
625 2102 822 2193 coloribus,
846 2116 886 2179 ut
907 2108 957 2179 ita
975 2104 1108 2192 dicam,
1129 2104 1428 2204 hispaniensibus

208 2220 397 2295 Celestina
431 2220 693 2312 illustrabitur;
726 2220 790 2295 sed
820 2224 931 2294 etiam
962 2234 997 2293 et
1025 2224 1238 2318 praesertim,
1279 2225 1428 2297 remotis

205 2362 290 2433 quae
323 2354 524 2434 temporum
557 2366 575 2407 a
599 2336 708 2410 medii
727 2340 796 2411 aevi
823 2350 1155 2434 »nuncupatorum
1180 2340 1324 2436 propria
1360 2353 1426 2414 aut

205 2450 409 2527 fabularum
429 2478 449 2525 e
471 2452 646 2551 religione
670 2466 828 2527 ortarum
858 2452 1059 2551 peculiaria
1086 2467 1220 2544 essent,
1254 2456 1423 2555 primum,

205 2571 447 2642 recentiorum
462 2568 591 2643 saltem
607 2574 701 2643 inter
716 2568 909 2643 theatralia
924 2594 1049 2667 opera,
1073 2594 1155 2642 vere
1170 2582 1213 2643 -et
1232 2568 1343 2669 plane
1356 2582 1427 2644 tra·

203 2686 328 2780 gicum
348 2683 497 2781 spirabit
515 2699 551 2759 et
569 2710 758 2783 expressas
777 2712 797 2759 e
825 2684 901 2761 vita
930 2700 967 2761 et
999 2688 1150 2761 veritate
1177 2684 1428 2761 redundantes

204 2822 379 2898 personas
393 2798 554 2901 effinget.
