3475 5609
843 520 1004 629 55⁶7·

313 686 364 763 nil
382 684 451 765 nisi
476 714 562 765 suas
582 687 758 764 utilitates
789 688 981 764 curabunt.
1015 691 1069 764 Ex
1090 689 1153 764 illa
1172 694 1341 794 prosapia
1376 687 1541 764 evadunt

312 804 365 879 illi
386 805 483 903 apud
513 806 686 905 populum
717 808 898 879 notissimi
927 805 1061 902 quibus
1092 808 1269 905 inclytum
1300 830 1435 881 nomen
1471 802 1548 881 Gr'l

312 922 408 995 Βίας
426 934 462 995 et
482 923 518 995 F
520 920 627 1021 rgaro
647 920 825 995 indictum
847 936 916 995 est.
934 922 991 993 Ad
1013 921 1238 995 Celestr'nam
1256 926 1378 1022 igitur,
1410 926 1440 995 si
1458 918 1543 1018 quis

314 1061 435 1111 veram
468 1037 647 1135 originem
680 1038 821 1111 illorum
856 1040 1096 1110 recentiorum
1117 1038 1331 1112 [amulorum
1360 1036 1543 1135 simulque

316 1158 561 1227 mutationum
612 1179 703 1251 quas
746 1158 1026 1225 memoravimus
1070 1157 1216 1227 initium
1269 1152 1544 1252 deprehendere

316 1269 415 1357 velit,
442 1272 618 1367 respicere
635 1294 785 1343 necesse
805 1281 872 1341 est.

369 1383 470 1481 Quin
500 1384 608 1457 etiam
642 1388 679 1456 in
702 1384 828 1457 eadem
850 1384 1146 1479 Tragicomoedia
1169 1388 1356 1460 inventum
1377 1369 1431 1458 est
1452 1380 1543 1456 illud

319 1498 495 1590 sermonis
514 1526 632 1597 genus
652 1502 811 1573 maxime
837 1500 894 1571 his
919 1503 1023 1571 novis
1048 1500 1211 1597 personis
1237 1513 1566 1575 consentaneum..

322 1614 495 1691 Plautina
510 1615 679 1714 quaedam
699 1640 789 1689 sane
808 1614 997 1701 vocabula,
1023 1629 1061 1686 ut
1081 1643 1223 1715 aequum
1249 1633 1316 1709 est,
1353 1627 1541 1713 usurpant,

321 1732 399 1821 sed,
427 1757 508 1805 cum
536 1730 711 1805 locutioni
739 1756 812 1805 suae
839 1730 952 1803 multa
982 1730 1170 1828 popularia
1204 1733 1315 1806 verba
1344 1748 1379 1807 et
1409 1733 1549 1831 figuras

266 1854 268 1865 ’
322 1849 429 1923 rudes
448 1846 581 1947 quibus
596 1845 787 1935 plebecula
802 1850 853 1918 uti
875 1845 967 1919 solet
984 1850 1225 1937 immisceant,
1244 1849 1386 1947 aliquid
1410 1852 1496 1921 novi
1510 1859 1551 1920 et

324 1964 573 2062 Hispaniense
591 1988 729 2037 sonans
744 1960 910 2035 afferunt.
930 1961 1024 2035 Cum
1043 1966 1225 2036 Parmeno
1234 1965 1424 2038 dominum
1440 1986 1549 2037 suurn

324 2078 580 2153 adhortaturut
597 2076 709 2151 amori
725 2103 792 2151 suo
811 2076 1014 2173 indulgeat,
1029 2104 1218 2177 nunquam
1235 2083 1439 2154 intermittit
1455 2082 1549 2178 quin

325 2220 449 2271 secum
469 2194 570 2271 dicat
586 2194 683 2269 hanc
695 2220 764 2268 usu
779 2192 945 2291 populari
966 2198 1088 2267 tritam
1109 2195 1327 2268 sententiam
1346 2230 1352 2268 :
1377 2225 1397 2265 r<
1413 2220 1495 2269 esse
1511 2198 1551 2265 in

325 2336 424 2411 aqua
463 2309 608 2385 turbida
651 2309 772 2383 locum
821 2310 1063 2406 piscatoribus
1113 2310 1210 2383 unde
1257 2311 1392 2385 multos
1431 2315 1554 2408 pisces

326 2430 524 2525 capiant».
548 2427 626 2500 Nec
642 2424 762 2499 solum
783 2423 847 2496 illa
867 2425 1056 2522 proverbia
1075 2429 1113 2497 in
1133 2451 1301 2499 sermone
1332 2427 1553 2500 famulorum

327 2538 493 2617 invenies
525 2539 589 2613 sed
623 2542 734 2612 etiam
769 2537 853 2612 illos
885 2544 1037 2612 rusticos
1057 2540 1152 2613 sales
1184 2540 1319 2639 quibus
1351 2544 1446 2616 inter
1473 2566 1556 2615 sese

328 2656 504 2755 agricolae
529 2654 583 2729 uti
616 2654 747 2728 solent.
772 2655 849 2727 Nec
870 2654 984 2727 multa
1016 2654 1165 2727 reterarn
1198 2656 1367 2754 exempla
1403 2681 1556 2731 necesse

328 2771 472 2846 videtur
484 2804 492 2862 ς
514 2796 629 2844 unum
645 2783 681 2844 et
700 2768 852 2843 alterurn
873 2770 1036 2842 retulisse
1064 2784 1120 2844 sat
1134 2775 1213 2844 erit.
1238 2772 1279 2845 Si
1301 2776 1384 2870 quis
1404 2796 1558 2870 pauper·

329 2898 441 2961 tatem
463 2870 555 2960 servi
581 2884 754 2983 jumentis
787 2884 958 2957 curandis
989 2885 1101 2958 dediti
1135 2886 1295 2960 deridere
1330 2888 1420 2975 vult,
1454 2888 1556 2962 bunc

332 3002 421 3076 dicit
455 2999 506 3073 nil
528 3004 597 3073 nisi
634 2998 783 3098 strigilis
808 2992 991 3096 ¹pulverem
1022 3000 1217 3095 possidere.
1251 3003 1291 3075 Si
1314 3009 1399 3101 quis
1432 3018 1559 3077 autem

332 3116 530 3216 quemdam
565 3139 688 3185 amore
709 3116 954 3187 insanientem
983 3116 1181 3212 depingere
1211 3120 1248 3189 in
1280 3123 1406 3216 animo
1429 3118 1557 3210 habet,

334 3233 430 3305 hanc
450 3229 597 3303 dicendi
627 3231 807 3301 rationem
827 3255 872 3301 ex
886 3254 952 3301 usu
966 3230 1127 3325 populari
1143 3258 1350 3327 egressam
1368 3232 1557 3308 inveniet:

334 3375 354 3416 «
372 3345 413 3418 Si
435 3344 565 3418 lancea
586 3341 685 3415 illius
700 3348 858 3414 amantis
872 3343 1091 3439 trajiceretur
1109 3345 1213 3427 talus,
1234 3348 1421 3422 cerebrum
1438 3377 1459 3422 e
1483 3348 1562 3422 talo

333 3458 594 3558 potiusquam
623 3482 643 3529 e
674 3456 794 3553 capite
821 3456 1067 3531 effunderetur
1084 3489 1116 3531 ›>.
1146 3460 1346 3534 Subtiliore
1366 3489 1469 3550 sane,
1493 3463 1562 3537 sed

333 3573 496 3672 ejusdem
534 3574 681 3669 generis
717 3596 883 3644 sermone
921 3570 1043 3645 lamuli
1078 3591 1223 3647 utentur
1245 3582 1311 3683 ‘qui
1347 3582 1385 3648 in
1426 3584 1564 3651 nostris

333 3686 517 3762 florebunt
532 3685 739 3760 comoediis.

386 3804 464 3877 Nec
492 3802 596 3876 aliter
616 3803 814 3901 loquuntur
834 3802 949 3874 Elicia
969 3818 1003 3875 et
1035 3806 1172 3878 Arensa
1194 3834 1274 3906 quae
1299 3812 1337 3879 in
1368 3809 1565 3884 celestina

336 3916 570 4015 antiquitatis
592 3919 819 3990 meretricum
841 3916 1124 4009 locumtenent3
1147 3922 1266 3994 verbis
1285 3950 1321 3995 er
1335 3927 1383 3995 im
1404 3938 1440 3997 et
1463 3929 1563 3998 voci·

337 4034 406 4105 bus
424 4030 568 4129 plebem
585 4058 628 4104 ex
650 4056 724 4128 qua
739 4043 824 4102 ortae
853 4049 937 4102 sunt
970 4031 1145 4106 redolent.
1179 4037 1261 4109 Una
1300 4041 1339 4109 in
1377 4065 1414 4111 re
1435 4055 1564 4112 tamen

259 4144 261 4147 ’
336 4146 449 4243 longe
483 4144 531 4217 ab
564 4145 725 4243 antiquis
758 4146 1004 4217 meretricibus
1037 4149 1207 4222 recedunt
1240 4152 1338 4249 quod
1367 4154 1415 4225 ab
1436 4180 1566 4227 arnan·

230 4328 237 4338 .
337 4262 437 4335 tibus
465 4286 504 4332 se
539 4259 677 4359 negligi
715 4259 771 4332 vel
805 4260 916 4330 aliam
949 4260 1017 4331 sibi
1057 4264 1208 4357 praelerri
1245 4293 1318 4339 non
1355 4274 1561 4366 patiuntur.

338 4376 483 4451 Etenim
504 4378 534 4446 si
556 4389 698 4447 amator
730 4374 776 4445 ad
808 4374 918 4461 aliam
954 4378 1149 4471 quamdam
1170 4385 1334 4454 animum
1368 4386 1565 4459 deverterit

337 4489 582 4564 offensionem
603 4488 673 4560 sibi
693 4487 770 4560 lieri
788 4487 937 4575 ducunt,
978 4490 1109 4563 nedum
1129 4492 1225 4566 hanc
1252 4521 1325 4569 rem
1355 4516 1392 4571 ut
1413 4500 1565 4572 solitam

338 4608 482 4679 minimi
504 4606 609 4701 pretii
630 4616 758 4699 putent
778 4634 784 4690 ;
807 4619 841 4673 et
863 4629 991 4697 poenas
1011 4607 1206 4702 extemplo,
1224 4628 1262 4681 ut
1291 4613 1396 4685 dccet
1428 4616 1565 4712 Hispa.

338 4746 417 4809 nas,
441 4745 463 4793 a
479 4716 660 4821 proditore
671 4741 781 4817 quam
794 4718 1028 4813 gravissimas
1045 4734 1200 4821 repetere
1212 4727 1249 4797 in
1266 4731 1392 4800 animo
1404 4728 1559 4819 habent,
