3475 5609
689 715 870 782 ..„7..

162 861 214 951 lit,
239 863 352 942 altera
380 888 463 938 vero
482 863 631 937 eosdem
660 866 775 936 nimia
800 865 1046 934 ministrorum
1077 860 1281 932 imitatione
1306 859 1390 932 ridi-

160 979 263 1054 culos
281 979 397 1054 laetos
424 980 569 1054 irridere
596 981 749 1054 videtur.
772 979 873 1074 Quid
895 978 1054 1076 denique
1076 977 1121 1051 de
1142 976 1389 1050 meretricibus

160 1094 279 1168 Elicia
298 1109 333 1168 et
356 1097 497 1195 Areusa
526 1095 644 1168 dicam
676 1122 759 1194 quae
781 1094 855 1168 alio
878 1099 1029 1167 nomine
1049 1106 1185 1166 vocatae
1215 1092 1322 1166 nobis
1350 1093 1387 1166 in

161 1215 405 1308 posteriorum
426 1211 616 1284 comoediis
637 1226 821 1310 poetarum
839 1225 1042 1298 occurrunt,
1067 1225 1105 1282 ut
1120 1223 1186 1298 est,
1219 1212 1247 1282 si
1268 1234 1387 1281 exem·

159 1325 222 1426 plo
237 1351 328 1426 opus
347 1340 412 1416 est,
446 1327 578 1400 Fenisa
597 1327 652 1401 vel
674 1326 835 1402 Gerardn
856 1337 866 1423 (
877 1350 885 1397 r
897 1335 922 1418 ),
946 1351 1099 1424 quaeque
1118 1338 1157 1400 ut
1176 1329 1386 1424 exquisitio·

160 1441 259 1516 ribus
275 1447 325 1516 ita
345 1441 450 1516 valde
469 1468 492 1516 a
521 1455 647 1516 natura
672 1441 927 1515 recedentibus
956 1442 1075 1516 verbis
1094 1441 1142 1514 ab
1161 1440 1385 1545 amatoribus
1480 1429 1485 1437 ⁸

60 1579 83 1586 ⁴·
158 1557 233 1630 suis
254 1558 454 1633 coluntur?

209 1674 287 1748 Has
318 1673 447 1749 saltem
482 1700 656 1772 personas
689 1701 773 1772 quae
808 1679 845 1746 in
872 1674 1014 1746 theatro
1034 1672 1231 1769 plebeculae
1263 1685 1383 1774 partes

156 1788 325 1863 obtinent
360 1794 566 1862 imitatione
596 1794 731 1886 saepius
764 1803 1004 1888 assequentur
1030 1802 1065 1861 et
1087 1793 1190 1885 quasi
1211 1791 1267 1861 sui
1293 1786 1382 1884 juris

155 1903 291 1977 {acient
312 1918 478 1979 auctores
499 1905 548 1976 illi
571 1910 632 2004 qui
654 1909 837 2002 copiosius
864 1931 921 1978 res
941 1905 1131 1978 hominum
1146 1907 1244 1976 tenui
1267 1929 1380 1977 censu

154 2017 392 2092 velemedia
425 2020 529 2094 turba
564 2025 815 2094 arcessitnrum
851 2021 1116 2094 diversissimas
1144 2003 1263 2093 soluta
1300 2044 1377 2094 ora·

136 2139 253 2208 'tione
273 2152 443 2211 enarrant
463 2173 469 2230 ;
493 2140 555 2211 sed
578 2139 661 2211 ideo
681 2140 771 2237 [ape
804 2154 838 2211 et
875 2139 950 2235 ejus
979 2136 1147 2235 discipuli
1178 2141 1378 2210 anteriores

152 2263 279 2348 poetas
305 2268 478 2348 superant
498 2253 596 2351 quod
618 2281 691 2327 non
712 2253 827 2326 solum
860 2252 985 2326 humili
1008 2252 1091 2326 loco
1122 2266 1229 2325 natos
1249 2251 1375 2350 depin-

54 2367 57 2376 ’
151 2380 294 2453 xerunt,
317 2365 380 2439 sed
412 2371 521 2440 etiam
560 2369 697 2443 eisdem
728 2395 769 2441 ac
804 2371 1000 2441 Fernando
1026 2371 1070 2440 de
1099 2366 1213 2463 Rojar
1242 2372 1372 2457 nerviS,

129 2493 190 2556 ,ut
207 2485 255 2554 ita
277 2481 410 2573 dicam,
433 2497 469 2556 et
493 2484 636 2559 lacertis
663 2488 755 2558 vires
788 2484 920 2559 fabulis
953 2488 1028 2558 suis
1061 2484 1236 2557 dederunt
1266 2509 1370 2580 quas,

150 2595 236 2670 dum
265 2598 459 2697 aequalium
495 2600 655 2675 moribus
694 2599 897 2674 imitatione
925 2599 1122 2674 referendis
1159 2599 1370 2689 inserviunt,

151 2713 346 2788 validiores
362 2715 470 2787 etiam
491 2730 526 2790 et
552 2716 712 2814 pluribus
746 2716 851 2789 rebus
884 2717 1130 2814 exprimendis
1158 2719 1373 2788 exercitatas
1423 2787 1429 2810 Ι,

148 2815 465 2904 confirmaverunt.
490 2835 587 2905 lnter
612 2837 710 2906 enim
744 2857 903 2905 amorem
938 2832 1131 2906 colendum
1164 2844 1199 2904 et
1238 2830 1371 2903 lamam
1430 2814 1439 2838 i

145 2943 412 3018 defendendam
433 2964 575 3045 tempus
595 2963 714 3022 terunt
742 2974 905 3046 persona
925 2952 1001 3021 sive
1028 2975 1112 3045 quae
1132 2950 1369 3044 posteriorum

145 3073 331 3158 poetarum
350 3061 496 3146 tabulis,
514 3069 592 3136 sive
613 3091 697 3162 quae
712 3063 1023 3164 Tragicomnediae
1036 3066 1080 3137 de
1094 3067 1127 3137 C
1127 3063 1241 3135 alz'stu
1246 3090 1276 3161 y
1292 3063 1369 3136 Me-

127 3176 238 3281 ylz'bea
260 3179 448 3252 intersunt.
473 3181 607 3253 Nonne
636 3209 679 3254 ex
701 3207 823 3254 amore
843 3179 1021 3276 originem
1038 3179 1177 3253 ducunt
1193 3194 1227 3252 et
1244 3177 1368 3251 callidi

127 3286 218 3365 'doti
239 3306 274 3366 et
296 3293 445 3367 subtilia
471 3322 645 3392 responsa
677 3297 809 3394 quibus
840 3296 960 3369 Belisa
989 3295 1194 3368 Teodoram
1216 3297 1366 3368 amitam

145 3409 323 3484 custodiae
352 3435 425 3482 suae
450 3410 610 3484 deditam
641 3412 882 3508 decipitl(2)
922 3411 1113 3510 Quidquid
1148 3411 1274 3483 dicunt
1309 3410 1366 3482 vel

142 3529 316 3615 sentiunt,
336 3525 514 3622 quidquid
530 3531 659 3600 timent
680 3527 734 3599 vel
755 3542 901 3625 sperant
920 3529 1084 3601 leonora
1098 3540 1134 3600 et
1152 3525 1291 3599 Blanca
1313 3530 1366 3620 (3)

142 3667 185 3712 ex
215 3641 343 3712 eodem
375 3641 473 3714 [onte
494 3645 629 3730 oritur;
654 3669 764 3732 amor,
789 3658 827 3716 ut
848 3646 941 3716 inter
965 3644 1132 3716 Vestales
1161 3641 1360 3738 confugiat,

141 3754 285 3828 stellam
307 3755 407 3828 illam
429 3758 658 3832 Sevillanam
683 3761 735 3854 (4)
765 3759 928 3832 hortatur
946 3773 981 3832 et
1000 3757 1182 3832 ducissam
1211 3759 1255 3830 de
1275 3759 1366 3830 Fer·

140 3897 229 3944 rara
245 3877 299 3966 (5)
316 3884 363 3944 act
379 3873 496 3945 scelus
516 3887 550 3946 et
572 3875 616 3946 ad
638 3857 787 3947 mortem
807 3874 960 3972 impellit
980 3908 986 3963 3
1005 3898 1127 3945 amore
1147 3872 1365 3944 adhortante

139 3985 283 4061 lascivit
313 3989 411 4060 dona
447 3990 590 4086 Angela
628 3991 692 4084 (6),
736 3995 772 4062 in
792 4015 929 4063 errores
961 3989 1139 4063 sollicitos
1176 3987 1366 4062 deducitur

138 4101 271 4178 Lz'sz'du
286 4107 336 4202 (7)
355 4138 361 4194 ;
375 4105 568 4178 dulcedine
581 4108 729 4180 tandem
747 4111 879 4180 amoris
890 4109 1030 4202 capitur
1040 4108 1074 4178 C
1076 4105 1158 4176 lara
1177 4105 1295 4177 Molee
1310 4106 1364 4198 (8)

138 4232 240 4294 casta
260 4222 368 4294 simul
390 4239 423 4294 et
452 4248 594 4296 ainans.
626 4217 748 4296 Amori
770 4238 891 4299 autern
912 4225 1016 4322 quasi
1036 4221 1165 4294 obvius
1188 4221 1226 4293 fit
1248 4220 1364 4293 honos

169 4405 205 4466 (1)
226 4405 259 4455 Cl
273 4407 334 4468 Lupe
345 4409 376 4455 da
394 4409 478 4469 Vaga:
496 4409 528 4456 El
537 4373 650 4456 insueto
659 4411 692 4456 de
705 4411 799 4458 Ferrisn
812 4416 836 4456 et
849 4411 889 4456 Lo
901 4409 1018 4459 Discrela
1033 4407 1200 4458 Enumeradn.

170 4487 207 4548 (2)
228 4487 286 4547 Lupe
297 4487 329 4534 de
346 4488 414 4548 Vega
431 4503 437 4538 :
454 4489 486 4536 El
505 4489 580 4536 Areru
594 4490 625 4535 de
636 4489 752 4552 llladrr'd3

169 4569 204 4626 (3)
225 4569 286 4628 Lupe
299 4569 331 4615 de
348 4569 436 4629 Vaga:
453 4572 485 4618 La
503 4573 611 4618 mannua
626 4570 716 4616 deSnn
729 4569 814 4629 Jrrnrr.

170 4649 205 4709 (4)
224 4647 285 4708 Lupe
295 4649 327 4696 de
346 4649 411 4710 Vegu
427 4671 434 4697 :
448 4651 482 4697 La
496 4650 606 4696 Eslrrlla
623 4651 654 4697 de
669 4649 774 4701 Sem'lln.

169 4727 207 4789 (5)
224 4728 283 4788 Lope
296 4729 327 4775 de
346 4729 412 4789 Vega
432 4745 438 4779 :
452 4730 485 4776 El
500 4729 608 4790 Castigo
622 4731 662 4776 sin
676 4730 825 4790 *Vertgunaa

168 4807 205 4870 (6)
224 4809 349 4857 Culderun
365 4829 372 4855 .·
389 4812 421 4858 Ln
437 4809 511 4857 dnum
528 4811 636 4857 dicende.

168 4889 205 4949 (7)
220 4889 343 4936 Calduruu
355 4911 362 4935 .·
376 4891 410 4936 La
422 4890 507 4936 banda
518 4907 538 4951 y
552 4891 577 4937 lu
591 4892 650 4951 flor.

166 4966 202 5030 (8)
221 4967 345 5018 calderon
361 4989 369 5016 :
384 4971 464 5030 dmar
476 4971 580 5032 despuas
592 4971 622 5018 de
635 4971 659 5018 ln
680 4974 784 5019 miserto.
