3475 5609
696 518 859 565 ..Μ-

153 668 250 745 dona
269 667 389 741 lsabel
396 668 439 741 de
451 669 490 741 Z
490 666 609 767 artiga
625 665 861 765 yPimentel
876 667 1029 740 duxerat
1049 671 1186 765 quique
1205 692 1270 765 pro
1285 669 1379 742 virili

153 796 257 881 parte
278 784 314 869 in
335 784 593 883 oppugnandis
624 784 729 857 Bora
762 794 798 855 et
831 784 1006 859 Granada
1032 797 1271 881 pugnaverat.
1296 786 1381 859 Dux

153 899 322 974 Albanus
342 915 377 974 et
396 900 473 998 ejus
486 926 576 974 uxor
596 914 631 973 et
649 900 809 998 juniores
828 913 933 973 erant
951 914 988 973 et
1007 900 1145 973 divitiis
1164 899 1376 995 affluentes;

28 1112 34 1121 ·
153 1018 194 1087 in
214 1016 421 1113 magnificis
440 1015 584 1091 aedibus
604 1042 710 1114 supra
731 1038 902 1112 campum
932 1021 994 1113 qui
1016 1016 1062 1089 ad
1083 1016 1199 1090 rivum
1236 1019 1380 1092 Termes
1496 1080 1499 1084 .

150 1144 253 1229 patet
273 1133 535 1219 eminentibus
554 1146 589 1205 et
619 1134 844 1205 ornamentis
881 1130 1134 1230 pulcherrimis
1153 1134 1374 1231 decoratum,

152 1246 244 1319 nihil
272 1247 371 1320 aliud
399 1252 468 1320 nisi
498 1252 611 1321 vitam
645 1274 747 1321 suam
776 1247 947 1321 omnibus
981 1274 1066 1347 quae
1100 1249 1218 1322 lerunt
1248 1263 1379 1326 ceterae

152 1378 250 1435 artes
270 1363 327 1437 vel
346 1368 575 1461 potissimum
596 1368 760 1438 carmina
779 1363 1181 1463 voluptatibusexplere
1196 1364 1234 1437 in
1254 1370 1379 1439 animo

152 1479 352 1555 habebant.
396 1482 512 1555 Festis
545 1480 674 1555 diebus
707 1482 816 1581 Juan
850 1482 915 1554 del
941 1479 1089 1554 Encr'na
1119 1481 1241 1555 studio
1254 1508 1377 1556 eorum

152 1596 287 1693 quibus
310 1596 554 1671 famulabatur
573 1598 769 1671 consulens
787 1623 852 1670 sex
872 1597 1056 1695 Ecglogas
1074 1611 1109 1670 et
1129 1598 1202 1671 duo
1222 1598 1285 1673 illa
1305 1624 1379 1671 sce·

151 1713 453 1809 nicaspectacula
465 1740 550 1812 quae
562 1718 600 1785 in
614 1713 839 1788 Cancionero
853 1738 953 1786 anno
967 1713 1375 1788 MCCCCLXXXXVI

152 1828 253 1903 edito
268 1834 503 1909 continentur
521 1830 689 1904 coniecit.
710 1829 783 1904 Illis
801 1834 830 1903 si
842 1829 1089 1927 spectaculum
1107 1858 1127 1898 «
1144 1831 1208 1903 del
1221 1832 1336 1904 Amor
1356 1861 1375 1900 >›

150 1946 288 2020 dictum
322 1960 366 2018 et,
388 1946 589 2044 Ecglogam
624 1947 735 2045 vulgo
769 1976 788 2016 a
821 1950 865 2020 de
907 1948 964 2020 las
990 1948 1157 2047 grandes
1191 1945 1334 2019 lluar'ar
1355 1976 1374 2016 »

148 2062 372 2159 appellatam
410 2063 591 2161 adjungas
611 2090 696 2162 quae
717 2066 755 2136 in
776 2062 962 2161 publicum
993 2067 1061 2135 etsi
1093 2086 1194 2135 anno
1221 2062 1371 2136 MDVII

149 2182 273 2251 emissi
308 2177 451 2251 luerunt
479 2194 602 2252 tamen
630 2180 757 2253 litteris
785 2179 959 2252 mandata
989 2192 1074 2253 sunt
1100 2178 1253 2251 alterum
1274 2203 1375 2251 anno

149 2294 576 2369 MCCCCLXXXXVll
602 2308 795 2394 postquam
816 2299 985 2393 princeps
999 2297 1067 2369 don
1085 2295 1210 2396 Juon‚
1228 2295 1375 2392 Regum
1392 2307 1396 2316 '

150 2418 424 2493 Catholicorum
445 2420 552 2510 filius,
575 2420 823 2539 ¹Margaritam
852 2423 896 2494 de
914 2418 1076 2495 Austrr'a
1092 2423 1131 2493 in
1147 2420 1373 2494 connubium

148 2536 310 2622 duxerat,
321 2535 435 2608 altera
446 2551 569 2609 autem
585 2561 685 2609 anno
696 2536 872 2611 MCCCC
880 2537 1157 2627 LXXXXVlll;
1170 2540 1216 2623 si,
1227 2549 1266 2609 ut
1282 2536 1370 2627 dixi,

149 2650 231 2727 haec
251 2649 322 2723 illis
341 2651 533 2749 adjungas¹
558 2678 802 2751 qaeucumque
822 2656 1006 2750 scripserit
1024 2651 1072 2724 ad
1093 2676 1243 2725 scenam
1262 2652 1371 2753 Juan

148 2768 211 2840 del
222 2765 371 2840 Encz'rra
391 2778 426 2839 et
443 2771 480 2840 in
500 2768 633 2865 quibus
670 2782 756 2841 ante
786 2767 1014 2843 Celestinam
1038 2767 1222 2840 immorari
1246 2766 1375 2842 deceat

147 2887 185 2956 in
205 2896 373 2981 promptu
388 2882 537 2957 habeas
572 2884 825 2959 Immutabitur
852 2887 953 2957 enim
982 2896 1109 2981 postea
1126 2883 1224 2957 illius
1245 2896 1368 2982 poetae

147 3003 350 3097 ingenium,
374 3026 438 3073 seu
457 3000 627 3097 operibus
645 3000 827 3074 Fernandi
861 3002 905 3072 de
931 2998 1048 3094 Rojas
1077 3003 1225 3098 penitus
1253 3000 1369 3090 lectis

146 3116 315 3213 seuquid
337 3114 419 3188 novi
453 3142 500 3189 ex
534 3116 641 3191 ltalia
673 3142 755 3189 cum
790 3117 922 3189 rediret
954 3114 1142 3189 attulerit·

194 3231 404 3305 Secundam
421 3235 506 3305 vitae
520 3232 701 3331 Johannis
712 3232 776 3305 del
786 3232 934 3307 Encz'na
947 3246 1087 3331 partem
1100 3257 1199 3305 nunc
1218 3231 1370 3330 attingi-

148 3373 239 3421 mus.
251 3348 349 3442 Quia
367 3349 524 3421 Romam
541 3350 713 3445 Hispani,
730 3363 909 3446 regnante
920 3346 1131 3421 Alexandro
1142 3348 1205 3447 Vl,
1221 3351 1372 3422 comiter

147 3464 431 3561 excipiebantur,
452 3464 507 3538 vel
524 3464 621 3564 quod
643 3468 783 3539 musica
799 3469 856 3538 cui
877 3488 1024 3561 operam
1039 3462 1111 3561 jam
1132 3475 1243 3538 antea
1262 3464 1370 3537 dede-

148 3591 201 3654 rat
213 3583 359 3677 peritior
377 3581 452 3653 fieri
473 3581 655 3679 cupiebat,
670 3578 796 3653 urbem
819 3579 936 3653 ltaliae
957 3583 1123 3677 primam,
1138 3578 1199 3652 ubi
1210 3578 1370 3654 Bartolo-

149 3722 268 3770 meum
284 3698 413 3770 Torres
429 3696 595 3771 Naharro
611 3710 783 3771 nacturus
802 3711 889 3784 erat,
914 3700 1011 3769 circa
1038 3719 1176 3769 annum
1191 3695 1268 3768 MD
1289 3719 1371 3793 pro-

147 3812 332 3887 ficiscitur.
358 3812 535 3887 Hicdum
573 3818 611 3885 in
641 3812 781 3887 musica
813 3825 849 3885 et
875 3812 1004 3886 litteris
1032 3810 1256 3899 excolendis,
1293 3821 1370 3885 tum

148 3955 294 4027 quoque
320 3928 426 4003 rebus
445 3930 556 4003 sacris
578 3929 723 4003 deditus
743 3943 886 4027 tempus
912 3952 1018 4003 suum
1040 3926 1201 4016 adhibet,
1239 3952 1371 4025 nempe

147 4046 338 4143 diligentia
369 4040 419 4119 in'
437 4045 515 4119 dies
549 4060 657 4120 aucta
676 4072 761 4145 quae
781 4049 1017 4120 sanctissima
1042 4044 1140 4119 videt
1164 4048 1371 4118 accuratius

16 4224 17 4231 ,
146 4166 318 4263 sequitur,
339 4176 374 4235 et
391 4162 464 4261 jam
477 4176 648 4261 vergente
669 4166 707 4235 in
728 4168 871 4237 senium
887 4175 997 4237 aetate
1012 4160 1217 4259 voluptates
1236 4159 1371 4259 quibus
1492 4164 1496 4171 '

147 4278 363 4352 adolescens
378 4278 577 4352 indulserat
590 4303 765 4353 aversans
777 4284 815 4353 in
830 4279 1047 4376 religionem
1068 4280 1172 4376 quasi
1195 4280 1233 4349 in
1249 4302 1370 4351 arcem

146 4411 262 4471 tutam
282 4395 447 4495 confugit
467 4399 532 4492 (r).

177 4632 213 4693 (r)
229 4629 268 4680 Cl.
285 4629 312 4677 ln
326 4628 449 4696 Johannis
464 4628 542 4679 nostri
563 4630 745 4677 «Concionero
761 4642 776 4677 r
795 4644 882 4677 versus
897 4628 941 4694 qui
955 4643 971 4678 r
988 4643 1020 4677 en
1036 4626 1144 4677 nombre
1161 4626 1194 4675 de
1214 4642 1248 4674 un
1262 4625 1372 4691 galaad

148 4728 176 4761 su
190 4710 285 4775 amigo,
302 4725 349 4775 por
358 4710 433 4774 quien
447 4710 540 4758 mucho
552 4708 627 4758 habia
642 4708 757 4774 perdido,
771 4708 893 4757 andando
906 4723 953 4774 por
964 4707 1128 4757 ellahuidoe
1145 4706 1294 4759 desterrado
1307 4724 1330 4769 r,
1346 4716 1372 4758 et

152 4812 160 4836 ι
176 4795 191 4840 ὲ
205 4806 255 4839 une
269 4790 403 4843 senorade
414 4790 491 4855 quien
503 4804 531 4839 ro
543 4804 674 4853 enamoro,
691 4788 800 4841 astando
817 4804 878 4853 muy
898 4788 1022 4857 apartado
1040 4787 1074 4837 de
1083 4802 1185 4839 amores
1198 4790 1213 4837 ὁ
1228 4786 1324 4838 metido
1338 4804 1372 4838 en

18 4916 22 4927 .
150 4871 276 4925 devocion
290 4888 304 4924 r
318 4871 496 4925 inscribuntur.
518 4876 522 4885 ‘
