3475 5609
230 1360 272 1434 Si
300 1360 366 1435 tibi
394 1361 610 1461 dignoscere
640 1360 862 1459 propositum
888 1376 944 1436 est
966 1365 1055 1462 quid
1080 1363 1186 1437 luerit
1212 1363 1405 1461 Hispaniae

179 1481 361 1576 proprium
377 1490 413 1550 et
432 1476 613 1575 peculiare
637 1477 673 1549 id
689 1482 860 1575 temporis
876 1504 958 1552 cum
979 1484 1134 1578 primum
1152 1506 1196 1554 ea
1215 1482 1405 1577 imperium

178 1594 255 1668 fieri
276 1606 399 1691 coepta
418 1608 563 1668 estnon
580 1594 726 1691 longius
746 1619 893 1692 quaeras
906 1610 1059 1693 oportet.
1087 1596 1189 1669 Satis
1207 1608 1262 1668 est
1281 1607 1318 1667 et
1343 1593 1405 1667 ubi

179 1713 250 1783 sita
278 1713 323 1783 sit
352 1713 497 1801 intueri,
534 1724 569 1783 et
603 1736 687 1808 quac
719 1734 834 1783 rerum
863 1728 1048 1808 gestarum
1089 1715 1265 1785 memoria
1302 1710 1408 1783 luerit

85 1908 94 1931 ¹
178 1825 371 1912 recordari,
397 1838 433 1900 et
456 1830 572 1924 prima
595 1840 783 1924 poetarum
808 1827 1031 1927 exemplaria
1051 1854 1163 1901 manu
1186 1852 1341 1900 versare.
1374 1827 1407 1899 A

178 1942 320 2041 reliqua
348 1942 491 2041 Europa
511 1942 698 2017 montibus
725 1947 908 2041 perpetuis
933 1943 1098 2041 sejuncta
1118 1942 1405 2041 haudquaquam

180 2058 341 2131 moribus
356 2057 493 2131 similes
513 2062 642 2131 ceteris
658 2058 814 2155 Europae
835 2057 978 2156 populis
994 2058 1134 2132 incolas
1147 2058 1241 2147 tulit,
1261 2072 1297 2131 et
1311 2062 1341 2131 si
1358 2055 1405 2129 ad

180 2173 344 2247 Annales
361 2173 571 2271 respexeris
589 2173 617 2247 si
635 2173 704 2247 hoc
721 2200 767 2247 ne
781 2187 918 2271 puncto
931 2174 1079 2272 quidem
1093 2174 1264 2272 temporis
1279 2188 1407 2246 contra

178 2288 326 2363 Mauros
350 2294 595 2363 intermissum
617 2290 752 2363 bellum
777 2289 895 2363 donec
915 2315 979 2363 eos
1000 2290 1164 2364 funditus
1186 2292 1406 2363 extermina·
1471 2287 1474 2291 ⁴

169 2398 269 2479 'verit
289 2409 415 2479 animo
442 2410 674 2504 reputaveris,
707 2405 812 2480 facile
839 2405 1028 2503 apparebit
1054 2406 1153 2480 hunc
1173 2405 1346 2504 populum
1369 2417 1406 2477 et

177 2521 460 2596 dissimillimum
477 2534 677 2597 ceterorum
689 2522 847 2596 futurum
867 2522 978 2595 luisse
993 2537 1028 2596 et
1040 2522 1158 2621 reipsa
1172 2521 1296 2597 tuisse.
1319 2522 1405 2595 Non

177 2641 275 2711 enim
305 2650 448 2713 tantum
473 2636 623 2713 caritate
643 2642 772 2737 patriae
801 2642 840 2710 in
866 2638 1016 2712 Mauros
1028 2638 1313 2726 invehebantur,
1341 2636 1404 2710 sed

177 2757 354 2852 quoniam
374 2754 496 2827 Mauri
519 2780 593 2827 non
614 2753 733 2827 solum
761 2752 844 2825 fidei
866 2754 1076 2828 christianae
1102 2767 1265 2853 expertes
1285 2766 1406 2826 essent

177 2868 242 2942 sed
258 2874 368 2942 etiam
383 2896 464 2943 eam
480 2869 687 2943 incredibili
703 2868 788 2941 odio
799 2884 1109 2967 prosequerentur,
1127 2871 1284 2967 Hispani
1301 2868 1406 2965 hujus

177 2983 262 3057 fidei
283 2984 532 3059 defendendae
552 2993 701 3059 causam
718 3010 909 3082 suscepere
928 2998 963 3058 et
984 2985 1068 3059 huic
1081 2998 1262 3083 susceptae
1282 3008 1405 3057 causae

178 3124 368 3199 nunquam
384 3099 541 3174 defuere.
566 3100 656 3174 lnde
676 3099 826 3173 assidua
845 3099 944 3173 bella
963 3114 999 3174 et
1018 3105 1195 3174 acerrima
1215 3104 1252 3173 in
1272 3099 1405 3198 quibus

176 3220 323 3290 eximiae
343 3230 379 3289 et
399 3216 605 3313 singulares
618 3216 767 3290 virtutes
786 3216 1011 3295 oriebantur.
1025 3218 1182 3314 Hispani
1202 3221 1302 3290 enim
1322 3241 1403 3290 cum

178 3358 216 3404 se
235 3331 425 3405 crederent
441 3331 654 3428 designatos
674 3330 783 3405 luisse
804 3331 939 3404 milites
970 3345 1010 3405 ut
1033 3330 1173 3405 labanti
1194 3330 1404 3404 christianae

45 3531 48 3535 ,
176 3446 260 3520 fidei
291 3470 398 3546 opem
429 3447 560 3521 lerrent
592 3447 649 3519 his
679 3447 784 3520 bellis
804 3464 888 3520 cu'm
907 3447 1067 3521 lanatico
1091 3446 1251 3546 quodam
1277 3446 1404 3521 ardore

178 3560 427 3660 iungebantur
445 3567 580 3662 quippe
601 3567 751 3662 quinon
767 3564 884 3637 solum
905 3589 969 3661 pro
989 3562 1117 3660 patria,
1134 3564 1197 3637 sed
1214 3566 1325 3636 etiam
1341 3587 1405 3660 pro

177 3678 369 3776 religione,
395 3706 479 3777 quae
499 3681 649 3777 quidem
670 3678 786 3752 multo
805 3682 933 3769 carior,
957 3691 1109 3752 mortem
1125 3693 1294 3777 oppetere
1314 3678 1406 3751 arbi·

175 3808 366 3867 trarentun
401 3797 526 3894 ltaque
563 3794 618 3869 vel
650 3794 858 3868 trucidandi
888 3794 945 3868 vel
977 3794 1153 3869 moriendi
1184 3799 1261 3893 pari
1285 3794 1408 3892 studio

175 3909 369 3982 libidinem
381 3926 417 3984 et
437 3910 541 4009 quasi
567 3910 790 4008 voluptatem
804 3910 1038 4008 appetebant.
1060 3910 1149 3984 lnde
1163 3910 1204 3984 fit
1217 3923 1257 3983 ut
1271 3909 1405 4012 bellum

120 4033 122 4037 ”
177 4052 253 4101 non
274 4042 416 4100 tantum
438 4052 494 4100 res
512 4026 607 4124 justa
628 4040 722 4099 esset
738 4026 836 4125 quod
853 4052 917 4125 pro
936 4031 1053 4124 patria
1068 4042 1106 4099 et
1122 4053 1186 4124 pro
1204 4027 1285 4099 Deo
1299 4026 1406 4100 simul

177 4147 435 4242 susciperetur,
475 4144 536 4217 sed
571 4148 682 4217 etiam
717 4169 773 4216 res
806 4169 924 4233 sacra,
951 4155 1091 4217 etcum
1121 4143 1267 4218 assidue
1298 4148 1407 4217 variis

177 4260 320 4333 vicibus
341 4284 586 4357 necunquam
608 4259 880 4356 despondentes
898 4264 1061 4333 animum
1076 4285 1139 4356 per
1153 4264 1406 4361 septingentos
1522 4329 1527 4341 ,

84 4399 95 4413 ’
174 4400 293 4447 annos
306 4370 554 4462 sustinuerint,
572 4390 765 4472 postquam
779 4374 927 4447 tandem
939 4371 1181 4448 ferocissimos
1191 4374 1403 4447 christianae

178 4488 264 4562 fidei
305 4489 428 4563 hostes
462 4489 687 4588 expulerunt,
727 4494 784 4562 cui
818 4489 986 4563 mirabile
1015 4490 1181 4563 videatur
1213 4494 1243 4563 si
1278 4504 1408 4587 praeter

179 4618 320 4678 ceteros
350 4605 561 4679 christianae
583 4603 751 4702 religioni
769 4604 914 4679 deditos
935 4605 1088 4703 populos
1108 4607 1267 4705 Hispani
1281 4608 1405 4704 singu·
1530 4604 1535 4616 '

182 4718 248 4793 lari
268 4720 340 4794 fide
366 4721 462 4795 banc
477 4733 512 4794 et
531 4720 693 4797 lanatico
722 4747 844 4797 amore
864 4735 899 4796 et
919 4721 1149 4797 defenderint
1170 4735 1206 4796 et
1226 4720 1408 4797 foverint?
