3475 5609
857 487 1027 550 ..32-

388 632 482 723 Quis
502 644 556 704 est
572 630 631 702 hic
652 632 845 703 Fernando
874 636 918 705 de
945 636 1061 734 Rojas
1086 637 1102 707 l
1129 636 1185 706 De
1209 659 1253 706 eo
1279 658 1396 730 pauca
1423 636 1558 707 scimus

338 774 423 845 quae
444 762 541 819 certa
556 751 641 819 sint.
661 748 710 819 l).
724 748 934 820 Bartolome'
947 751 1041 849 Just}
1064 752 1242 825 Gallardo
1262 750 1343 824 lraec
1365 749 1560 849 indagavit

338 869 374 935 in
397 865 559 937 Historia
574 862 734 961 quadam
750 864 994 939 Talaveranae
1015 870 1174 939 civitatis
1195 894 1279 963 quae
1300 867 1336 938 in
1355 866 1504 963 publica
1524 878 1560 939 ct

336 981 550 1053 Madrilensi
578 978 804 1052 bibliotheca
829 981 945 1054 evolvi
958 996 1076 1078 potest
1100 1018 1106 1055 :
1126 1013 1144 1051 r<
1162 985 1358 1056 Ferrrrrndo
1383 987 1427 1057 de
1445 984 1560 1081 Rojas

336 1101 397 1195 qui
415 1099 448 1169 C
448 1095 643 1167 elestinarn
664 1101 871 1191 composuit
885 1102 922 1168 in
943 1098 1243 1172 Montalvanensi
1265 1124 1362 1197 pago
1373 1114 1553 1189 natusest,

334 1218 428 1286 sicut
449 1211 495 1283 ab
511 1238 553 1283 eo
569 1214 695 1308 primis
710 1217 829 1307 operis
860 1214 1023 1287 versibus
1058 1215 1199 1305 dicitur,
1237 1216 1301 1288 sed
1329 1217 1556 1289 domicilium

333 1330 429 1427 apud
445 1329 696 1401 Talaveronos
712 1328 780 1401 sibi
803 1330 1001 1419 constituit,
1027 1332 1152 1430 ibique
1168 1354 1319 1432 mortem
1337 1334 1435 1435 obiit
1454 1352 1490 1406 et
1517 1338 1556 1405 in

332 1472 436 1519 sacra
469 1458 570 1542 parte
608 1450 819 1517 monasterii
854 1447 1025 1521 conditus
1054 1462 1108 1545 est
1136 1448 1235 1545 quod
1269 1449 1437 1523 mulieres
1464 1449 1554 1523 solae

333 1562 540 1634 inhabitant
556 1575 590 1633 et
612 1560 869 1635 Sanctissimae
886 1563 955 1634 Dei
972 1564 1082 1635 Matri
1096 1564 1472 1664 dedicaveruntluris
1493 1565 1555 1637 ille

331 1678 569 1775 peritissimus
588 1676 655 1749 luit
675 1690 709 1748 et
729 1681 839 1749 ctiam
860 1678 1040 1775 quosdam
1057 1703 1176 1751 annos
1192 1685 1444 1777 magistratum
1457 1680 1554 1778 apud

332 1793 588 1867 Salmantinos
609 1806 798 1866 assecutus
823 1810 877 1866 est
889 1821 997 1891 quem
1014 1799 1075 1892 qui
1087 1800 1181 1891 gerit
1198 1826 1216 1863 «
1232 1798 1373 1869 alcalde
1390 1822 1552 1897 mayor»

329 1910 472 1983 dicitur.
491 1910 592 1983 Civis
608 1934 693 1987 vero
717 1910 783 1982 luit
801 1910 1056 1985 Talaveranus
1084 1911 1387 2009 Talaveranaque
1408 1917 1445 1985 in
1468 1917 1554 1986 civi-

328 2040 402 2099 tate
422 2026 554 2099 liberos
571 2026 711 2099 habuit.
737 2056 754 2095 »
778 2029 830 2123 (1)
860 2026 965 2099 Adde
994 2028 1092 2124 quod
1110 2027 1170 2099 hic
1195 2028 1554 2102 Celestr'naeauctor

259 2206 266 2219 .
328 2141 425 2213 idem
452 2168 531 2215 esse
560 2142 699 2215 videtur
729 2168 773 2215 ac
802 2143 863 2214 ille
893 2144 1090 2216 Fernando
1115 2146 1158 2215 de
1189 2144 1303 2235 Rojas
1332 2169 1440 2241 quem
1468 2158 1550 2242 post

327 2262 515 2330 civitatum
531 2286 549 2325 r<
574 2257 847 2331 Comrrnz'dasles
861 2260 905 2331 de
919 2262 953 2332 C
953 2258 1086 2331 ostr'lla
1103 2289 1122 2329 »
1141 2259 1317 2332 dictarum
1331 2260 1549 2333 seditionem

328 2373 852 2466 CarolusQuintusoblivionis
870 2375 963 2471 legis
979 2375 1159 2448 beneficio
1169 2376 1305 2449 donare
1319 2376 1449 2448 noluit.
1469 2376 1545 2450 Sed

326 2490 371 2563 de
416 2517 459 2564 eo
497 2488 588 2561 nihil
637 2489 739 2563 aliud
772 2490 951 2563 alfirmare
984 2516 1176 2587 possumus
1202 2503 1239 2564 et
1272 2493 1548 2589 praeterCeles·

324 2606 444 2679 tinam
465 2606 556 2678 nihil
578 2606 678 2679 aliud
704 2610 857 2703 scripsit,
873 2606 966 2677 nihil
988 2632 1077 2678 sane
1093 2607 1191 2705 quod
1217 2601 1388 2680 ad'aures
1408 2621 1549 2681 nostras

324 2722 538 2819 pervenerit.

375 2839 459 2931 Quo
479 2865 561 2912 vero
589 2854 749 2937 tempore
778 2865 857 2911 cam
891 2841 1130 2936 composuit?
1165 2841 1303 2913 Etertii
1326 2842 1439 2913 Actus
1468 2840 1549 2913 loco

323 2956 540 3028 concludere
551 2954 635 3028 licet
647 2955 776 3028 librum
789 2954 899 3052 paulo
911 2970 991 3051 post
1007 2982 1145 3027 annum
1157 2955 1331 3028 MCCCC
1339 2956 1547 3029 LXXXXll

322 3076 497 3168 scriptum
527 3070 648 3143 luisse.
679 3074 776 3144 Dum
798 3076 897 3143 enim
925 3070 1139 3169 Sempronio
1159 3075 1308 3144 miratur
1327 3097 1438 3169 quam
1471 3070 1548 3143 bre-

321 3193 411 3261 viter
449 3187 588 3260 oblivio
632 3213 688 3259 res
732 3188 788 3259 vel
834 3190 1068 3281 gravissimas
1105 3187 1341 3287 submergat:
1398 3189 1543 3281 «Quae,

322 3309 455 3401 inquit,
470 3304 613 3380 miratio
624 3316 658 3375 te
674 3308 867 3399 corriperet
882 3308 911 3375 si
933 3302 999 3375 tibi
1021 3329 1119 3376 nunc
1139 3319 1243 3377 terrae
1265 3318 1385 3376 motus
1395 3321 1458 3377 aut
1473 3304 1546 3376 tale

321 3420 459 3517 aliquid
489 3422 742 3493 nuntiaretur?
764 3419 873 3511 Quod
901 3435 1023 3491 tamen
1045 3446 1130 3492 mox
1160 3420 1205 3492 de
1225 3404 1401 3493 memoria
1433 3424 1541 3510 cxci,

320 3536 430 3607 deret.
469 3536 531 3608 Sic
562 3535 597 3606 hi
628 3560 788 3608 rumores
815 3538 1107 3632 extinguuntur:
1137 3537 1282 3632 Frigore
1319 3538 1414 3609 rivus
1452 3541 1546 3635 riget

321 3666 470 3725 mortem
505 3667 607 3749 pater
644 3667 726 3725 tuus
750 3652 853 3742 obiit,
889 3656 1060 3724 emissum
1090 3664 1144 3724 cst
1181 3651 1332 3741 fulmen,
1368 3654 1543 3727 Granada

350 3902 386 3963 r‘r)
401 3916 413 3949 o
427 3900 539 3949 Historia
551 3902 583 3949 de
600 3901 736 3959 Tulavera,
760 3902 866 3966 antiqua
882 3900 977 3949 Elbora
992 3902 1024 3949 de
1041 3902 1080 3950 los
1099 3901 1286 3965 Carpentanos‚
1301 3908 1422 3964 postuma
1438 3914 1444 3949 :
1471 3901 1547 3950 escri-

317 3980 384 4029 biola
401 3997 432 4027 en
446 3981 567 4031 borrador
581 3980 605 4029 el
622 3982 674 4031 Lic.
689 3982 785 4031 Cosme
803 3982 904 4031 Gomez
924 3981 956 4028 de
973 3980 1076 4044 Tejada
1086 3981 1118 4028 de
1129 3980 1167 4029 los
1179 3981 1266 4044 Reyes
1281 3994 1288 4029 :
1301 3979 1397 4028 Sacola
1409 3997 1441 4028 en
1457 3980 1549 4041 limpio

318 4060 358 4110 Fr.
374 4060 472 4111 Aronso
486 4062 518 4109 de
533 4062 641 4125 Ajolrin,
657 4064 758 4127 proleso
776 4062 817 4110 dol
844 4062 1002 4109 lllonasterio
1028 4062 1061 4108 de
1082 4060 1163 4109 Santa
1185 4060 1313 4117 Catalina,
1329 4060 1420 4108 'orden
1434 4052 1471 4109 de¹
1491 4060 1545 4110 San

315 4139 454 4205 jeronimo,
474 4140 547 4191 M.S.
564 4142 644 4191 in-lol.
661 4143 694 4190 cle
706 4144 752 4203 263
768 4142 854 4205 lopas:
880 4140 1023 4190 Biblioteca
1036 4140 1172 4189 Nacional.
1191 4140 1225 4189 V.
1239 4144 1290 4201 184.
1307 4139 1351 4187 lol.
1368 4142 1440 4203 256·7
1455 4158 1478 4190 »-

347 4221 411 4269 Haec
426 4228 484 4269 sunt
496 4222 573 4270 verbo
586 4239 643 4286 quae
658 4222 782 4270 l'ernandi
797 4224 829 4269 de
838 4224 916 4283 Rojas
930 4221 1070 4272 intersunt:
1090 4219 1255 4269 «Fernamlo
1266 4220 1299 4267 de
1318 4218 1407 4282 RoiaS,
1422 4227 1495 4268 autor
1508 4220 1542 4269 de

316 4300 488 4363 laCelestina,
505 4302 590 4351 fabula
601 4304 632 4350 de
644 4303 745 4351 Calixto
760 4302 907 4367 ymelibea,
924 4302 1000 4350 nacio
1020 4318 1052 4349 on
1080 4301 1104 4348 la
1128 4300 1226 4348 Puebla
1237 4300 1270 4347 de
1286 4298 1446 4359 Montalban,
1462 4316 1541 4351 como

316 4379 340 4428 el
356 4380 381 4430 lo
395 4381 451 4429 dice
462 4383 486 4431 al
502 4383 625 4447 principio
641 4385 673 4431 cle
687 4401 716 4432 su
730 4384 793 4433 libro
806 4402 838 4432 en
849 4399 911 4435 unos
923 4399 1009 4431 versos
1024 4383 1055 4429 de
1068 4394 1120 4431 arto
1132 4397 1224 4445 mayor
1237 4381 1390 4442 acrosticos;
1408 4396 1470 4445 paro
1482 4381 1540 4431 hizo

313 4460 413 4510 asiento
427 4480 459 4510 en
470 4462 611 4513 Talaveru:
627 4464 685 4527 aqui
699 4464 765 4513 virro
780 4482 796 4528 y
808 4464 897 4519 muria,
909 4480 926 4527 y
942 4473 997 4510 esta
1011 4463 1146 4509 enterrado
1161 4478 1193 4507 en
1208 4460 1232 4508 la
1246 4459 1337 4525 iglesia
1348 4459 1390 4507 del
1410 4470 1541 4511 convento

315 4541 347 4589 dc
362 4543 462 4607 monjas
477 4544 509 4591 de
527 4544 617 4592 lllaclre
632 4544 664 4592 de
681 4544 751 4594 Dios.
770 4546 820 4593 Fue
846 4544 967 4608 nbogado
995 4542 1081 4602 docto,
1101 4558 1118 4605 y
1145 4557 1194 4589 aun
1215 4540 1272 4587 hizo
1292 4539 1401 4604 algunos
1417 4544 1483 4589 ar'ros
1506 4558 1539 4589 en

314 4627 472 4682 Salamanca
494 4632 569 4683 oticio
595 4634 627 4683 de
645 4632 754 4683 Alcalde
776 4648 873 4699 mayor.
899 4630 1073 4681 r‘aturalizose
1086 4646 1118 4678 en
1142 4636 1197 4678 esto
1221 4627 1309 4692 villay
1327 4628 1387 4691 dejo
1418 4628 1485 4692 hij0s
1506 4646 1539 4679 en

314 4710 366 4760 ella
381 4729 403 4763 u.
