3475 5609
705 586 862 654 ..53-

178 734 429 810 intermitttere
449 761 559 835 quam
575 732 644 809 sibi
665 760 740 807 non
761 733 928 807 occidere
948 757 1057 831 quem
1071 736 1245 829 attigerit.
1266 729 1341 806 Sed
1363 744 1403 806 ut

177 852 296 926 verbis
325 863 362 925 et
394 851 652 949 praedicatione
689 850 799 923 fretus
832 875 916 923 eum
946 850 1183 922 lortissimum
1203 860 1321 945 putes,
1349 852 1401 922 ita

177 993 214 1041 re
249 993 335 1041 vera
367 967 538 1065 ignavum
570 966 738 1064 reperias.
777 965 938 1039 Coactus
970 968 1070 1037 enim
1107 962 1155 1036 ab
1192 967 1312 1036 amica
1335 990 1401 1038 sua

179 1084 320 1159 Areusa
375 1096 414 1156 ut
468 1108 597 1181 poenas
642 1082 690 1155 ob
745 1084 1001 1181 interemptum
1062 1081 1329 1154 Parmenonem
1380 1106 1404 1152 a

177 1198 318 1273 Calisto
358 1212 497 1295 repetat
533 1224 572 1271 se
618 1201 851 1296 repetiturum
887 1200 1064 1294 promittit
1104 1222 1172 1269 nec
1214 1191 1402 1293 promissis

175 1328 247 1388 stat
280 1328 315 1388 et
348 1314 506 1387 alienum
530 1320 655 1387 nescio
688 1338 795 1410 quem
829 1318 892 1412 qui
913 1313 1107 1388 tumultum
1135 1312 1220 1385 edat
1237 1313 1316 1385 vice
1335 1336 1401 1384 sua

177 1434 300 1504 mittit.
342 1432 410 1504 His
443 1434 554 1527 igitur
598 1429 782 1518 omnibus
820 1455 884 1503 seu
918 1429 1072 1527 grandia
1113 1428 1220 1518 dicit,
1256 1452 1321 1501 seu
1353 1427 1401 1499 ab

175 1546 331 1643 agendis
363 1545 408 1618 de
428 1545 561 1643 quibus
574 1544 770 1642 magnifice
785 1546 957 1643 praedicat
983 1544 1205 1618 facinoribus
1225 1543 1396 1634 abstinet,

176 1686 259 1735 cum
301 1686 436 1735 merum
487 1661 611 1733 militis
644 1660 793 1759 gloriosi
839 1661 953 1735 filium
989 1686 1028 1736 se
1071 1660 1272 1746 denuntiat,
1324 1674 1399 1733 tum

178 1802 252 1851 non
293 1781 415 1851 minus
459 1776 652 1849 manifesto
696 1776 855 1850 ostendit
891 1803 930 1850 se
960 1761 1138 1874 Hispanis
1170 1780 1400 1874 aptissimam

174 1920 254 1967 esse
274 1918 466 1989 personam
488 1892 671 1965 ethorum
695 1891 911 1991 populorum
932 1893 1047 1965 indoli
1070 1896 1227 1965 maxime
1247 1918 1400 1965 consen·

174 2023 335 2083 taneam.
386 2011 526 2108 Nempe
559 2007 733 2083 advectus
771 2010 929 2083 Romam
961 2035 981 2082 e
1009 2009 1160 2082 Graeciae
1192 2007 1247 2081 vel
1280 2006 1400 2104 potius

174 2126 271 2199 Asiae
291 2124 501 2223 regionibus
521 2124 818 2222 milesgloriosus
838 2125 904 2198 luit
922 2160 928 2215 ;
956 2126 1118 2198 Romani
1143 2123 1240 2197 enim
1268 2123 1316 2195 ab
1336 2122 1400 2193 illa

174 2240 377 2314 deridicula
392 2240 589 2338 magnifice
610 2240 785 2340 loquendi
803 2241 944 2315 ratione
961 2241 1112 2314 multum
1129 2238 1397 2327 abhorrebant;

169 2358 334 2454 Hispani
355 2370 476 2430 autem
494 2356 603 2447 hanc,
622 2360 790 2457 quamvis
810 2356 908 2431 haud
925 2362 1082 2455 impares
1105 2358 1286 2429 Romanis
1302 2355 1398 2428 lorti·

174 2471 301 2546 tudine
320 2475 524 2557 videantur,
539 2498 681 2572 semper
692 2460 849 2563 coluere,
868 2477 919 2546 ita
935 2488 973 2546 ut
986 2473 1062 2570 jure
1082 2472 1202 2545 dicere
1217 2475 1399 2569 possimus

174 2592 296 2686 potius
307 2614 327 2661 e
340 2588 441 2662 lonte
456 2587 668 2685 hispanensi
682 2616 791 2688 quam
806 2590 977 2681 Romano
988 2593 1026 2662 in
1043 2603 1204 2662 nostrum
1217 2586 1398 2660 theatrum

174 2704 243 2779 hos
258 2704 391 2777 milites
406 2701 543 2815 diutius
558 2710 730 2779 universo
750 2704 872 2801 populi
893 2705 1022 2801 plausu
1037 2716 1208 2801 exceptos
1223 2706 1396 2799 empisse.

223 2820 298 2894 Sed
319 2818 433 2893 multo
451 2818 672 2917 frequentior
695 2846 816 2895 eorum
837 2819 1051 2894 famulorum
1080 2820 1198 2916 proles
1218 2823 1280 2917 qui
1301 2818 1398 2917 apud

175 2935 400 3008 Celestinam
422 2948 457 3008 et
479 2936 734 3034 Chrysalorum
758 2950 792 3010 et
814 2937 985 3035 Syrorum
1006 2949 1144 3033 partem
1171 2948 1298 3034 agunt.
1322 2934 1400 3007 Nec

174 3065 316 3158 tantum
347 3052 541 3124 comoediae
568 3057 745 3125 intersunt
764 3069 802 3126 ut
828 3052 966 3125 salibus
999 3079 1045 3126 ne
1074 3050 1211 3126 Siculis
1234 3049 1394 3149 quidem,

175 3166 309 3240 nedum
357 3170 505 3255 Atticis‚'
545 3182 765 3265 spectatores
804 3169 994 3241 detineant
1037 3168 1092 3241 vel
1137 3167 1298 3242 fabulam
1338 3192 1401 3264 per

174 3281 352 3379 ambages
371 3280 487 3356 lacete
526 3288 753 3381 excogitatas
775 3300 958 3358 morentur
982 3296 1019 3357 et
1038 3309 1158 3357 rursus
1190 3282 1236 3356 ad
1263 3287 1400 3356 exitum

175 3396 360 3470 festinent.
386 3399 469 3471 Non
501 3399 607 3471 valde
645 3400 692 3472 ab
722 3404 766 3472 iis
790 3399 917 3473 officiis
945 3404 1085 3489 remoti,
1121 3404 1151 3472 si
1183 3398 1332 3497 quidem
1364 3411 1401 3471 et

176 3517 321 3587 rusticis
345 3513 547 3609 opprobriis
579 3519 779 3612 saepissime
817 3520 868 3589 uti
902 3530 939 3589 et
973 3516 1104 3589 labulae
1133 3517 1326 3588 immisceri
1361 3526 1401 3587 ut

177 3628 274 3726 prius
301 3627 433 3717 solent,
463 3622 509 3702 ad
524 3656 659 3709 novam
689 3645 810 3705 tamen
833 3632 1047 3704 industriam
1073 3631 1216 3705 lacilem
1237 3631 1400 3704 animum

180 3770 246 3817 nec
272 3768 346 3817 non
376 3765 590 3841 magnarum
614 3772 728 3819 rerum
745 3749 917 3844 cupidum
938 3748 1155 3837 intendunt;
1177 3774 1198 3821 e
1219 3748 1401 3821 Romanis

180 3858 335 3955 Hispani
366 3860 457 3932 fiunt
476 3876 512 3933 et
546 3862 607 3958 qui
634 3868 728 3935 servi
768 3862 911 3937 luerunt
943 3890 1040 3937 nunc
1073 3862 1238 3950 ministri,
1279 3865 1400 3959 utqui

176 3962 323 4071 penitus
345 3975 586 4075 immutentur,
609 3978 818 4075 appellandi
845 3997 942 4054 sunt.
976 3981 1100 4077 Longe
1119 3984 1217 4053 enim
1241 4005 1262 4052 a
1285 3983 1401 4076 priore

177 4090 305 4163 habitu
322 4092 520 4181 ,recedunt;
544 4120 563 4165 e
584 4098 730 4169 servitio
763 4096 880 4169 exisse
913 4122 987 4169 non
1007 4100 1204 4182 contenti,
1236 4109 1276 4169 ut
1308 4095 1403 4169 beris

175 4206 312 4279 similes
351 4206 440 4287 fiant
478 4224 539 4280 aut
578 4198 706 4281 saltem
744 4211 938 4284 videantur
976 4238 1067 4300 esse,
1086 4216 1186 4283 omni
1225 4195 1403 4284 industria

175 4324 351 4394 nituntur.
375 4322 415 4394 Si
443 4350 505 4395 eos
533 4325 675 4403 cucullo
698 4331 788 4398 satis
823 4328 960 4399 mundo
990 4326 1402 4424 donaveris,extemplo

174 4462 257 4509 cum
274 4440 429 4512 induunt
449 4456 484 4511 ct
518 4466 599 4511 cum
621 4443 789 4537 superbia
811 4451 888 4531 {eos
916 4444 1058 4516 nobiles
1086 4470 1166 4517 esse
1186 4443 1329 4536 credas)
1363 4448 1402 4515 in

175 4552 360 4651 publicum
386 4557 597 4651 procedunt.
623 4559 662 4629 Si
685 4574 847 4655 expertes
886 4558 958 4632 sint
993 4562 1155 4657 periculi,
1183 4586 1246 4633 eos
1265 4560 1401 4633 tortitu-

128 4708 130 4712 ·
176 4668 274 4741 dinis
312 4696 385 4742 suae
422 4687 663 4745 ostentatores
713 4675 898 4769 repcr·ias;
945 4681 974 4747 si
1010 4682 1154 4771 ingruat
1189 4675 1400 4773 periculum,

176 4784 348 4874 socordes
386 4788 568 4884 extemplo
605 4788 704 4861 lacti,
740 4791 782 4863 Et
817 4790 884 4885 ipsi
917 4792 1214 4869 amabunt-ut
1244 4791 1403 4871 dominis
