3475 5609
674 531 858 600 -105-

145 677 341 753 Gallorum
370 683 521 777 ingenio
541 678 691 753 minime
729 677 960 753 abhorrebat.
983 677 1185 752 Francisco
1212 703 1297 753 vero
1331 678 1376 753 de

152 796 190 868 V
188 793 365 885 illalobos,
396 797 546 870 Fernan
566 799 686 870 Perea
705 800 749 870 de
770 795 884 870 Oliva
912 794 1095 892 ceterique
1128 795 1219 867 nihil
1247 820 1376 893 propo

144 913 259 984 situm
299 910 436 985 habent
475 911 544 985 nisi
581 913 881 986 scholasticorum
922 911 1032 984 modo
1076 910 1223 984 verbum
1265 911 1377 986 verbo

143 1025 299 1100 reddere
328 1041 391 1099 aut
421 1030 459 1099 in
485 1033 613 1124 graecis
633 1043 668 1100 et
697 1027 821 1101 latinis
858 1027 1091 1125 exemplariis
1116 1025 1376 1099 transferendis

143 1141 342 1216 affectatas
355 1168 536 1216 arcessere
555 1143 825 1244 similitudines.
845 1143 957 1217 Nullo
985 1147 1096 1240 igitur
1121 1143 1231 1216 modo
1253 1144 1375 1218 value-

143 1270 232 1331 runt
243 1258 289 1330 ad
300 1257 514 1356 fingendam
530 1273 565 1332 et
580 1259 859 1333 accrescendam
876 1258 1121 1356 Hispanorum
1137 1258 1372 1338 comoediam.

195 1373 338 1470 Magno
353 1389 480 1448 contra
496 1375 605 1448 modo
620 1374 734 1448 valuit
749 1374 914 1448 fictarum
929 1389 965 1446 et
980 1399 1106 1472 parum
1124 1375 1374 1448 verisimilium

142 1486 351 1562 fabularum
372 1490 531 1564 studium
548 1495 606 1565 cui
627 1516 850 1590 quamquam
868 1492 904 1563 F
904 1493 1063 1564 ernaudo
1081 1493 1124 1564 de
1138 1489 1254 1590 Rojas
1273 1516 1374 1588 repu-

140 1603 276 1700 gnavit
309 1605 466 1703 Hispani
496 1621 619 1680 tamen
653 1611 772 1704 magis
805 1605 996 1705 magisque
1024 1606 1265 1680 indulserunt·
1297 1607 1375 1680 Nec

141 1717 259 1792 ullum
284 1719 468 1794 meliorem
491 1722 675 1797 inveniam
710 1735 838 1797 testem
867 1748 976 1820 quam
998 1721 1238 1796 bractearium
1274 1721 1374 1795 illum

142 1838 209 1932 qui
244 1860 265 1908 a
299 1839 502 1910 Ceruantes
536 1837 633 1911 haud
668 1841 848 1912 immerito
878 1839 1243 1937 «magnusudictus
1263 1851 1317 1910 est
1337 1850 1375 1911 ut

141 1954 209 2049 qui
231 1950 458 2049 hispaniensi
475 1953 615 2027 theatro
648 1952 805 2028 favorem
827 1952 874 2026 ad
898 1953 1028 2050 vulgus
1047 1957 1183 2051 primus
1202 1953 1376 2028 concilia·

141 2070 248 2141 verit.
268 2067 505 2144 Manifestum
527 2082 581 2144 est
600 2071 692 2169 Lupe
711 2069 814 2143 illum
840 2071 884 2142 de
910 2071 1037 2143 Rueda
1072 2098 1091 2138 «
1109 2073 1142 2143 C
1142 2069 1337 2142 elestz'nam
1355 2100 1373 2140 2>

140 2181 342 2284 perlegisse
375 2185 476 2284 cujus
510 2186 722 2285 plerumque
754 2186 895 2259 vividos
932 2185 1071 2260 colores
1103 2197 1139 2258 et
1173 2184 1374 2260 dilucidum

140 2303 486 2400 sententiosumque
505 2302 651 2376 dicendi
671 2327 788 2399 genus
802 2301 930 2376 reterre
946 2303 1097 2376 videtur.
1124 2308 1172 2398 (ι)
1189 2301 1247 2375 Ab
1274 2301 1375 2375 Italis

139 2439 291 2513 quoque
325 2417 546 2508 auctoribus
584 2418 806 2492 Bartolomei
840 2417 962 2506 mod0‚
993 2418 1057 2491 sed
1076 2418 1218 2493 nonab
1244 2416 1373 2490 iisdem

138 2531 234 2629 [ope
254 2543 378 2605 noster
394 2533 563 2606 nonnihil
584 2547 768 2608 mutuatus
787 2546 854 2606 est.
888 2532 1075 2632 Neglectis
1108 2535 1207 2606 enim
1242 2535 1368 2630 poetis,

140 2649 358 2743 scriptorum
378 2651 533 2748 vestigia
548 2664 693 2723 secutus
708 2653 852 2749 estqui,
889 2654 983 2723 sicut
1001 2650 1190 2738 Bondelh,
1228 2647 1375 2722 fabulas

139 2760 295 2835 subtiles
332 2775 367 2836 et
400 2789 475 2836 non
507 2764 759 2838 adramaticis
790 2765 1027 2840 abhorrentes
1059 2765 1179 2838 soluta
1210 2768 1374 2837 oratione

141 2891 392 2951 narraverunt.
413 2879 505 2972 Quae
520 2905 602 2953 cum
623 2879 763 2952 diversa
791 2893 826 2953 et
846 2881 1047 2979 aliquando
1080 2879 1222 2953 absona
1255 2882 1373 2952 imita-

140 2991 243 3064 tione
275 2991 462 3066 relerenda
497 2994 566 3068 sibi
597 2999 835 3092 proposuerit,
878 2995 967 3094 quid
1002 2995 1148 3068 demum
1181 2993 1303 3067 effecit
1337 3007 1372 3067 et

140 3106 442 3204 hispaniensibus
461 3112 577 3209 poetis
599 3109 748 3184 tradidit
769 3115 832 3210 qui
848 3111 895 3184 ad
925 3111 1120 3185 theatralia
1135 3134 1244 3209 opera
1276 3135 1373 3182 com·

138 3224 314 3322 ponenda
330 3226 377 3298 ab
393 3253 436 3300 eo
456 3227 605 3325 proiecti
620 3240 704 3300 sunt
720 3229 736 3300 l

190 3340 281 3414 Tres
296 3355 417 3438 partes
445 3357 481 3417 et
513 3348 607 3415 inter
626 3369 665 3416 se
685 3341 949 3416 dissimillimas
969 3347 1008 3416 in
1037 3342 1200 3416 editione
1234 3355 1374 3439 oportet

138 3453 347 3554 distinguas
361 3485 440 3556 quae
461 3459 509 3534 ab
530 3459 606 3556 ejus
626 3463 746 3532 amico
770 3472 805 3532 et
827 3458 1009 3557 discipulo
1024 3459 1205 3558 ·J0hann·e
1238 3461 1282 3532 de
1313 3458 1372 3531 Τι’-

138 3574 287 3647 moneda
306 3599 406 3648 anno
429 3575 664 3648 MDLXXVl
694 3578 732 3647 in
760 3574 891 3672 vulgus
915 3575 1057 3672 prolata
1077 3588 1143 3648 est.
1167 3575 1371 3649 Duodecim

138 3692 295 3785 primum
317 3688 471 3763 fabellas
485 3719 503 3759 ‹<
514 3704 622 3788 paros
638 3691 793 3792 »dictas
806 3694 845 3763 in
861 3717 905 3763 ea
921 3690 1085 3765 invenies
1096 3718 1177 3790 quae
1190 3689 1372 3764 Femandi

140 3807 253 3878 nostri
288 3818 399 3878 artem
439 3810 477 3877 in
511 3797 765 3879 humilioribus
799 3810 965 3902 personis
998 3804 1244 3906 depingendis
1281 3809 1373 3878 mira

139 3917 315 3994 felicitate
330 3933 365 3994 et
397 3925 557 3995 novitate
588 3935 775 4019 usurpant.
818 3923 903 3995 Non
932 3926 1032 3995 enim
1064 3937 1205 3996 tantum
1239 3923 1374 3996 Centu-

138 4038 253 4110 rionis
274 4041 487 4111 memoriam
506 4039 535 4112 S
538 4037 698 4138 tguenza
718 4053 864 4111 revocat
880 4055 1056 4136 quantum
1078 4043 1222 4135 propria
1237 4041 1373 4111 eminet

138 4152 417 4250 vaniloquentia
432 4168 466 4226 et
488 4153 648 4250 ignavia.
673 4157 725 4252 (2)
745 4155 874 4251 Neque
895 4153 1110 4253 Sempronio
1125 4181 1244 4254 neque
1273 4157 1370 4227 Par·

169 4377 206 4440 (Ι)
221 4374 297 4440 Quid,
312 4375 381 4424 verbi
393 4375 483 4442 gratia,
498 4376 630 4438 riguam
651 4376 761 4426 famulus
782 4375 944 4426 Sebastianae
958 4375 1084 4426 meretrici
1107 4377 1204 4442 turpius
1223 4375 1371 4442 exprobrari

138 4473 215 4521 possa
233 4456 355 4520 praedicat
373 4457 420 4504 nisi
437 4463 544 4506 matrem
562 4456 645 4522 ipsam
668 4474 725 4522 quae
740 4457 821 4506 altera
835 4458 881 4506 luit
895 4457 1035 4520 Celestina,
1051 4474 1129 4506 «una
1148 4460 1266 4521 roganda
1289 4460 1373 4508 Celes·

139 4539 197 4587 lina
209 4537 249 4586 a?
269 4533 301 4585 Cl
325 4551 338 4584 r
353 4535 419 4585 Paso
435 4553 449 4584 u
464 4537 536 4585 illum
553 4554 568 4584 a
590 4539 705 4585 Moratur
721 4538 782 4586 <El
794 4539 890 4595 Rufian
903 4538 1041 4588 Cobarde›
1056 4546 1229 4603 nuncupatum
1246 4539 1372 4602 (wrigt-

138 4633 184 4667 nes
196 4618 238 4666 del
250 4619 440 4678 teatroespahol
450 4634 472 4678 u,
486 4617 626 4666 Bibliotcca
639 4619 669 4666 de
682 4620 790 4666 Antores
799 4620 933 4680 espor'roles,
951 4618 1066 4675 Mudrid,
1093 4621 1280 4681 Rioudeneyra,
1295 4620 1371 4682 1848,

143 4701 207 4745 tomo
223 4697 260 4758 n).
635 4698 637 4706 ’

175 4778 212 4842 (a)
229 4775 263 4827 Cf
275 4777 308 4826 El
323 4777 418 4839 Rufian
429 4777 540 4828 cobarde.
