3475 5609
713 518 894 591 ‘¹⁰3-

193 677 361 752 Melibere
406 701 603 750 sermones.
644 674 765 748 Febea
796 699 895 760 vero,
945 675 1032 771 quia
1063 698 1137 747 non
1175 699 1199 746 a
1226 672 1415 749 Celestina

192 793 315 892 aliqua
348 792 525 889 paulatim
563 795 812 888 corrumpitur,
850 792 984 863 [menei
1026 788 1144 861 ardori
1174 792 1285 862 nimia
1320 790 1417 864 iesti-

193 914 343 982 natione
359 907 548 1004 indulgere
564 907 716 980 videtur.
730 909 929 980 Personam
951 917 1075 978 tamen
1098 906 1131 978 Τ
1124 931 1228 978 orres
1247 907 1419 982 libharro

190 1026 357 1099 formavit
390 1049 498 1124 quarn
516 1038 551 1096 ct
579 1047 684 1096 suam
699 1040 732 1095 et
754 1021 902 1094 matrimi
929 1045 1008 1094 esse
1028 1020 1199 1119 ponderis
1217 1021 1417 1119 praedieare

190 1153 321 1242 potest.
350 1139 685 1230 Marehisusenim,
720 1138 847 1212 Febeae
881 1137 1000 1225 irater,
1037 1141 1088 1210 ita
1108 1137 1237 1211 honori
1263 1163 1330 1212 suo
1361 1142 1415 1212 in·

191 1261 302 1331 servit
322 1268 359 1329 ut
375 1279 531 1329 sororem
546 1259 688 1328 intenta
700 1279 785 1328 cura
800 1266 959 1328 asservet
974 1253 1176 1351 illicitoque
1190 1257 1228 1326 in
1248 1278 1415 1329 sermone

192 1371 455 1470 deprehensam
490 1370 585 1444 haud
603 1370 813 1444 dubitanter
831 1351 1015 1444 occisurus
1034 1369 1092 1443 sit.
1116 1372 1250 1443 Nonne
1283 1369 1415 1444 multas

192 1492 231 1563 in
260 1511 454 1561 «aureaes
483 1493 604 1560 aetatis
644 1486 834 1559 comoediis
867 1509 1041 1583 personas
1079 1485 1241 1560 invenies
1261 1511 1342 1583 quae
1369 1511 1415 1560 ex

192 1602 289 1677 illius
308 1628 369 1676 ore
389 1607 491 1700 quasi
515 1603 695 1699 imagines
714 1603 989 1698 exprimentur?
1021 1601 1152 1674 Cetera
1169 1626 1255 1675 vero
1288 1602 1413 1676 Barto·

191 1716 365 1792 lomeuse
386 1717 584 1794 Celestz'nre
612 1716 710 1790 lonte
748 1717 881 1791 hausit.
914 1719 991 1790 lmo
1029 1717 1098 1791 hoc
1132 1721 1224 1791 inter
1259 1717 1415 1793 famulos

190 1834 343 1907 Boream
360 1847 395 1906 et
406 1833 543 1907 Elisum
560 1838 732 1907 interesse
752 1835 864 1906 voluit
880 1834 977 1932 quod
998 1847 1034 1908 et
1046 1834 1139 1907 inter
1154 1833 1412 1933 Sempronium

188 1963 224 2023 et
246 1950 525 2023 Parmenonem.
543 1950 642 2023 Alter
660 1953 759 2022 enim
778 1976 822 2023 ex
838 1950 986 2024 alterius
1007 1954 1131 2023 animo
1145 1949 1274 2023 ultima
1293 1948 1414 2024 evellit

189 2065 377 2164 scrupula*
402 2080 551 2164 uterque
576 2065 765 2139 dominum
791 2064 965 2165 peculiari
999 2065 1063 2140 illo
1094 2079 1131 2140 et
1158 2086 1267 2140 acuto
1304 2065 1413 2140 modo

190 2182 314 2256 irridet
352 2209 425 2281 quo
463 2195 543 2281 post
569 2181 800 2256 Fernandum
819 2185 863 2256 de
887 2182 1148 2283 Rojasomnes
1168 2181 1413 2280 hispaniensis

188 2297 379 2371 comoediae
399 2297 523 2372 lamuli
546 2323 619 2371 non
640 2298 764 2372 utendi
783 2298 891 2370 finem
911 2297 1058 2372 facient.
1085 2297 1246 2372 Tertium
1262 2299 1413 2370 Imeneae

188 2428 309 2487 actum
330 2413 384 2488 vel
405 2414 532 2513 potius,
559 2431 597 2488 ut
619 2409 837 2487 Bartolomei
857 2414 966 2488 verbo
982 2428 1071 2502 utar,
1105 2413 1200 2486 diem
1227 2413 1319 2510 lege,
1339 2413 1411 2487 Do·

186 2544 367 2628 restaeque
384 2533 420 2603 in
442 2530 562 2604 verbis
592 2531 743 2603 Boream
764 2542 798 2602 et
814 2529 1085 2627 Turpedionem
1110 2527 1268 2602 vicissim
1301 2526 1411 2602 cavil-

188 2642 299 2718 lantis
319 2646 443 2721 nescio
465 2646 551 2746 quid
578 2646 644 2721 tibi
661 2644 780 2719 videre
809 2645 988 2719 videberis
1007 2645 1104 2744 quod
1122 2671 1193 2718 non
1217 2643 1369 2718 multum
1389 2671 1413 2718 a

189 2760 407 2835 Caldcronis
435 2787 602 2836 sermone
622 2762 801 2835 abhorret.
825 2760 1092 2835 Duodecimum
1124 2774 1252 2834 eontra
1288 2761 1410 2836 Celes-

186 2874 276 2949 rime
301 2891 421 2950 actum
448 2883 572 2951 animo
604 2877 758 2975 colliges
795 2902 878 2950 cum
909 2878 1265 2950 lmenei-ministros
1303 2880 1411 2975 trepi-

187 2988 317 3066 dantes
336 2993 478 3067 videbis
497 2998 687 3092 primoque
716 2992 874 3066 tumultu
902 2992 1094 3089 fugientes.
1129 2990 1250 3064 Febea
1282 2995 1408 3084 etiam,

186 3120 381 3206 postquam
416 3113 452 3182 in
482 3134 640 3183 amorem
654 3108 769 3182 eflusa
788 3121 855 3199 est,
880 3106 1053 3182 Melibeae
1069 3106 1232 3180 ardorem
1249 3107 1411 3181 ostendit

186 3227 243 3296 cui
264 3224 337 3322 jam
360 3225 507 3299 Calz'sto
525 3229 650 3299 omnia
669 3238 704 3297 et
741 3229 827 3299 vitae
845 3223 982 3322 gaudia
1003 3235 1040 3296 et
1068 3223 1187 3321 culpae
1208 3223 1406 3320 patrocinia

186 3339 368 3414 solusest.
403 3343 450 3415 At
469 3344 663 3416 Fernando
692 3343 735 3414 de
766 3341 882 3440 Rojcs
913 3341 959 3413 ad
992 3340 1180 3413 hominum
1199 3364 1315 3413 mores
1349 3340 1409 3414 de·

186 3457 392 3553 pingendos
413 3458 584 3555 majorem
608 3457 822 3530 adhibuerat
842 3469 878 3529 et
897 3460 1109 3528 varietatem
1137 3469 1173 3528 et
1204 3459 1407 3529 veritatem.

89 3563 92 3570 ⁸
186 3570 304 3646 Nemo
327 3572 564 3646 nihilominus
585 3577 703 3671 magis
735 3588 770 3646 et
799 3572 928 3645 melius
948 3597 1057 3670 quam
1082 3574 1210 3646 Torres
1238 3572 1410 3646 Naharro

185 3685 262 3782 ejus
287 3702 362 3760 arte
384 3714 476 3762 -usus
496 3705 549 3762 est
571 3692 704 3787 quippe
725 3691 787 3786 qui
815 3687 954 3785 dialogi
974 3686 1148 3760 flamman
1181 3691 1409 3786 nitoremque

185 3805 391 3877 imitatione
443 3809 618 3903 consequi
665 3805 817 3877 valuerit
859 3817 892 3876 et
933 3802 1079 3876 diversae
1117 3803 1411 3900 intermixtaeque

183 3921 350 3992 societati
372 3919 408 3991 in
439 3946 512 4016 qua
534 3935 696 3994 versatus
732 3932 787 3993 est
813 3922 906 3991 veris
935 3917 1188 3992 describendae
1227 3917 1410 3992 coloribus

186 4031 283 4106 haud
308 4039 424 4132 impar
448 4041 614 4109 evaserit.
647 4037 723 4109 Nec
744 4060 904 4109 amorem
924 4060 1028 4122 sane,
1059 4061 1126 4108 nec
1151 4032 1326 4108 honorem
1360 4032 1410 4108 vi·

182 4148 276 4222 vidis
296 4167 331 4223 et
352 4156 501 4248 tragicis
520 4151 656 4224 effinxit
684 4150 907 4248 imaginibus
927 4150 1062 4247 quibus
1082 4149 1262 4223 interdum
1282 4150 1411 4249 Tragi-

182 4264 365 4338 comoedia
381 4266 426 4338 dc
442 4267 588 4341 Calz'slo
595 4294 626 4365 y
643 4267 798 4340 Melz'bea
813 4279 1000 4364 tantopere
1021 4265 1232 4340 illustratur.
1248 4267 1410 4340 Honoris

180 4384 279 4452 enim
325 4382 570 4480 hispaniensis
605 4384 809 4459 Marclrisus
830 4387 865 4454 in
902 4385 1105 4457 «lmenea»
1127 4384 1227 4456 solus
1261 4397 1316 4456 est
1346 4387 1409 4483 qui

180 4497 339 4571 vividam
360 4505 517 4597 speeiem
539 4500 699 4596 praebeat
719 4534 725 4590 3
745 4505 879 4573 amoris
894 4514 1016 4574 autem
1033 4500 1236 4598 voluptates
1253 4500 1411 4601 Jacz'nto

180 4631 214 4686 et
248 4615 284 4687 F
286 4615 445 4688 lorr'strzrr
475 4617 701 4691 mollioribus
723 4632 756 4690 et
790 4616 1039 4692 subtilioribus
1068 4619 1261 4690 sententiis
1293 4620 1410 4715 expri-

181 4741 297 4803 munt.
339 4732 599 4806 Verumtamen
645 4735 774 4806 Torres
801 4734 974 4807 libharro
999 4736 1100 4832 (quae
1135 4732 1215 4806 laus
1244 4758 1319 4807 non
1352 4743 1409 4808 est

180 4845 387 4947 mediocris)
409 4852 545 4947 primus
561 4848 739 4924 intellexit
755 4874 828 4947 quo
848 4860 956 4948 poeta
984 4849 1094 4922 modo
1120 4849 1215 4922 fictis
1244 4865 1280 4922 et
1305 4847 1408 4924 [aisis

1184 609 1190 637 l
