3475 5609
745 570 905 635 -13..

211 692 360 765 virtutes
395 688 536 765 Sancte
566 686 700 762 Martie
730 688 968 791 AEgyptiacoe
1000 688 1170 763 laudibus
1184 687 1431 780 extollebant,

210 804 440 902 legislatores
464 818 585 879 autem
606 804 642 877 in
663 805 853 879 codicibus
875 806 956 879 baec
977 810 1138 903 capita«
1161 805 1305 902 Septem
1336 807 1433 877 Par·

208 919 306 993 tium
327 951 347 992 r>
365 946 440 995 non
460 920 679 993 omittebant
693 925 730 993 in
752 920 885 1019 quibus
905 925 1053 1020 sapiens
1067 946 1130 994 rex
1150 919 1362 1017 Alphonsus
1381 921 1433 993 Xl
1462 906 1475 925 χ

209 1036 253 1110 de
265 1036 393 1111 officiis
405 1037 583 1113 nobilium
596 1041 647 1110 ita
660 1037 818 1137 loquitur
828 1052 865 1112 ut
881 1038 1039 1112 Amadr's
1050 1037 1152 1110 illum
1170 1037 1224 1111 vel
1235 1036 1434 1109 Palmerz'n

209 1152 413 1251 Anglorum
429 1158 630 1253 principem
652 1153 697 1227 de
712 1154 850 1227 *iisdem
867 1153 974 1227 rebus
989 1155 1208 1227 disserentes
1222 1153 1376 1250 credas(
1405 1154 1430 1245 ).

208 1268 254 1341 Et
273 1270 481 1345 sacerdotes
501 1270 593 1343 adeo
615 1295 689 1343 non
706 1269 752 1344 ab
768 1273 932 1369 antiquis
955 1269 1116 1343 moribus
1139 1268 1383 1342 abhorrebant
1393 1282 1433 1364 ut

207 1380 260 1456 illi
282 1385 592 1484 archipresbytero
605 1388 649 1459 de
667 1386 765 1460 Hz'ta
801 1390 864 1485 qui
885 1400 920 1459 et
947 1391 985 1461 in
1005 1389 1117 1493 sacris
1132 1383 1432 1459 meditationibus

206 1510 243 1573 et
273 1499 311 1573 in
330 1501 495 1600 profanis
524 1502 708 1576 amoribus
742 1528 848 1602 aeque
883 1502 1003 1576 libens
1021 1500 1231 1575 versabatur
1245 1500 1381 1574 similes
1396 1514 1432 1574 et

205 1618 275 1713 ipsi
294 1616 515 1692 viderentur.
539 1619 580 1691 ln
608 1617 780 1692 omnibus
801 1619 996 1693 Chronicis
1020 1616 1121 1691 libris
1145 1643 1209 1691 seu
1229 1620 1430 1691 communi-

205 1729 273 1806 bus
287 1758 351 1808 seu
362 1738 474 1833 regiis
494 1733 577 1808 haec
592 1733 719 1809 eadem
735 1739 972 1809 inveniuntur
986 1734 1034 1807 ab
1044 1732 1235 1830 Alphonso
1251 1732 1431 1830 Sapiente

203 1850 381 1947 usquead
402 1849 576 1925 Carolum
615 1850 795 1944 Quintum
820 1885 827 1943 3
851 1852 910 1924 lric
943 1850 1041 1925 idem
1069 1851 1215 1949 spiritus
1247 1852 1345 1923 intus
1364 1847 1430 1921 alit

204 1969 329 2039 omnia
340 1992 425 2065 quae
442 1984 634 2040 narrantur
648 1966 696 2040 ab
723 1968 938 2067 longinquis
957 1965 1161 2067 originibus
1173 1990 1288 2063 usque
1308 1964 1355 2037 ad
1376 1990 1429 2037 re·

203 2080 367 2156 centiora
381 2093 557 2179 tempora.
579 2082 665 2156 lllos
680 2108 826 2182 quoque
843 2082 955 2156 libros
968 2086 1031 2181 qui
1046 2085 1268 2180 equestrium
1281 2080 1428 2154 heroum

202 2194 291 2269 ficta
318 2211 355 2271 et
381 2197 549 2272 fabulosa
583 2198 680 2272 lacta
709 2202 894 2297 copiosius
922 2212 1093 2273 enarrant
1119 2224 1183 2297 pro
1210 2199 1429 2271 documento

202 2309 421 2387 habebimus
445 2318 519 2413 qui,
545 2318 611 2388 etsi
628 2315 721 2403 alias
736 2339 879 2389 summo
895 2341 1018 2389 amore
1057 2314 1206 2413 perlecti
1227 2314 1371 2389 luerunt
1392 2326 1429 2385 et

202 2452 266 2524 per
285 2442 340 2504 tot
360 2454 479 2503 annos
493 2444 608 2505 totam
631 2433 812 2530 Europam
832 2432 1115 2523 delectaverunt,
1138 2432 1282 2505 oriundi
1302 2442 1427 2504 tamen

202 2568 247 2617 ex
260 2544 444 2642 Hispania
462 2572 541 2621 esse
562 2545 730 2622 videntur
748 2547 875 2646 ibique
894 2553 1076 2646 propriam
1100 2547 1233 2621 habere
1257 2551 1424 2645 patriam.

204 2658 304 2752 Quot
324 2673 431 2734 natos
451 2673 486 2734 et
501 2662 635 2759 dignos
653 2676 754 2761 patre
774 2662 902 2738 habuit
918 2668 955 2737 in
979 2666 1162 2762 Hispania
1180 2662 1346 2737 Gallicus
1365 2662 1427 2736 ille

201 2775 395 2851 Amudis!
420 2804 505 2877 quae
525 2777 689 2853 lacinora
718 2779 919 2855 humanum
945 2781 1093 2854 modurn
1127 2804 1358 2879 supergressa
1391 2794 1427 2853 et

200 2894 405 2989 saepissime
432 2898 684 2967 amentissima
710 2894 856 2969 edidere
877 2910 913 2970 et
928 2897 1064 2972 Galaor
1083 2909 1119 2970 et
1132 2894 1371 2994 Esplandr'an
1391 2909 1426 2968 et

198 3008 398 3083 Palmerz'n
418 3014 433 3081 l
454 3010 555 3104 Quin
576 3013 688 3085 etlam
707 3024 847 3087 sanctae
864 3017 955 3111 ipsae
979 3014 1124 3087 Litterae
1153 3015 1299 3111 penitus
1327 3010 1425 3109 apud

200 3122 389 3221 Hispanos
402 3129 655 3212 immutantur,
683 3127 711 3200 si
735 3128 883 3213 quidem
898 3132 936 3201 in
963 3125 1422 3203 «Caballerz'acelestialr

199 3238 306 3314 nobis
336 3240 504 3317 Christus
533 3242 601 3315 sub
628 3242 757 3317 habitu
792 3244 1029 3343 progrediens
1056 3244 1199 3343 Equitis
1218 3241 1363 3317 le'onem
1384 3248 1423 3316 in

196 3370 300 3431 scuto
319 3362 480 3454 gerentis
501 3358 717 3451 ostenditur,
737 3361 880 3435 Lucifer
899 3374 1021 3435 autem
1037 3374 1243 3459 serpentem
1260 3359 1298 3433 in
1313 3362 1424 3433 armis

197 3473 372 3547 caelatum
395 3473 536 3548 habens
556 3474 710 3573 ideoque
731 3506 750 3545 «
772 3503 792 3549 e
809 3476 987 3575 Serpente
1008 3478 1130 3575 Eques
1150 3506 1169 3547 r>
1192 3474 1324 3550 dictus

248 3588 357 3663 Hanc
377 3590 597 3688 peculiarem
614 3591 773 3666 indolem
790 3618 1043 3692 saepenumero
1057 3608 1093 3667 et
1113 3592 1205 3667 alias
1217 3615 1429 3689 expressam

196 3728 378 3803 nusquam
393 3711 529 3804 pariter
543 3720 654 3806 atque
670 3712 707 3780 in
727 3738 746 3779 <r
765 3708 989 3784 Cancr'mrero
1005 3740 1024 3780 r>
1041 3710 1173 3784 clarius
1192 3706 1424 3781 manifestam

195 3824 350 3918 reperire
368 3848 574 3920 possumus.
591 3826 667 3897 Res
680 3828 779 3897 enim
794 3838 912 3923 gestae
928 3828 989 3899 vel
998 3854 1021 3899 a
1038 3822 1223 3925 Gaiferos,
1241 3823 1425 3900 Gonralas

195 3936 350 4010 Fernan
363 3951 399 4011 et
422 3938 560 4014 Garcz'a
579 3940 801 4013 Fernandez
827 3940 968 4016 nullum
983 3943 1096 4015 alium
1122 3939 1297 4039 populum
1328 3942 1423 4013 insa-

196 4056 274 4127 nire
291 4054 590 4152 magnificentius
608 4056 769 4155 potuisse
789 4058 930 4132 affatim
946 4058 1213 4132 demonstrant.
1231 4058 1273 4131 ln
1293 4080 1422 4154 quam·

196 4194 354 4269 cumque
407 4174 506 4245 enirn
553 4200 572 4241 «
611 4174 828 4247 Romancero
869 4206 889 4246 »
937 4175 1033 4249 illius
1079 4172 1217 4273 partem
1260 4177 1423 4246 animum

170 4294 177 4309 '
197 4298 403 4378 convertas,
425 4288 518 4361 nihil
538 4289 637 4363 aliud
657 4290 784 4364 videas
818 4294 887 4365 nisi
919 4296 1208 4392 promptissimos
1237 4290 1283 4365 ad
1307 4288 1423 4364 vindi·
1456 4286 1459 4290 ’

199 4402 338 4477 caudas
376 4403 526 4501 injurias
558 4405 666 4496 virOS,
689 4410 741 4480 ita
773 4419 812 4481 ut
848 4407 998 4483 familiae
1028 4409 1147 4483 honos
1171 4421 1233 4483 aut
1264 4409 1425 4481 nominis

198 4515 323 4611 decuS,
346 4518 420 4594 sive
434 4524 544 4595 vitam
561 4522 681 4599 herois
700 4523 796 4599 illius
814 4553 833 4594 «
849 4527 908 4599 El
920 4524 1001 4601 Cz'd
1012 4557 1031 4598 r>
1055 4520 1146 4600 dicti
1171 4523 1320 4617 evolvis,
1349 4526 1425 4597 sive

198 4637 344 4707 comitis
367 4636 523 4735 Juliani,
560 4643 637 4715 sive
671 4640 773 4714 notbi
813 4640 911 4716 illius
948 4643 1145 4733 Madarra,
1177 4667 1242 4740 pro
1273 4642 1425 4715 numine

198 4748 350 4825 colatur.
374 4753 478 4829 Adde
494 4756 592 4856 quod
613 4756 665 4830 illi
682 4757 849 4834 homines
863 4759 1044 4861 sanguine
1063 4762 1215 4858 respersi
1236 4757 1284 4832 ad
1304 4781 1424 4831 sacer·

231 4938 267 5006 (1)
277 4938 312 4991 cr
323 4939 390 4995 aaa.
408 4958 434 5009 u,
449 4942 486 4996 ut.
501 4956 554 4998 m.
