3475 5609
851 552 1011 620 ,92-

321 697 471 776 Nullum
497 723 583 772 vero
603 699 702 774 aliud
726 723 817 795 opus
836 699 954 774 Lucas
977 695 1197 788 Fernandez
1215 703 1420 796 composuit
1439 699 1542 833 quod

319 817 454 891 talibus
468 816 524 889 vel
544 813 725 890 similibus
741 813 892 912 dignum
912 819 959 888 sit
974 789 1156 890 laudibus,
1179 818 1360 911 Quamvis
1387 815 1542 890 enimin

319 933 462 1007 duobus
480 946 517 1008 et
535 936 691 1006 scenicis
705 931 801 1006 ludis
816 958 909 1029 quos
928 933 973 1006 de
993 932 1193 1006 Nativitate
1209 934 1353 1030 scripsit
1368 933 1560 1035 religioso‘

317 1049 498 1123 interdum
527 1053 655 1147 spiritu
681 1051 941 1144 instinguatur‚
972 1047 1088 1121 tribus
1120 1073 1140 1121 e
1170 1046 1345 1139 lontibus,
1370 1053 1464 1124 sicut
1502 1053 1539 1124 in

316 1170 444 1240 ceteris
463 1177 499 1240 et
519 1163 680 1263 profanis
711 1163 885 1252 versibus
920 1188 1036 1263 aquas
1065 1161 1186 1238 haurit
1217 1163 1352 1263 quibus
1380 1164 1539 1240 rivulum

208 1361 211 1368 ,
315 1281 380 1356 alit
399 1307 518 1357 suum.
538 1282 632 1355 Cum
650 1293 772 1355 autem
791 1284 948 1378 primum
984 1277 1186 1380 Rodrigum
1206 1282 1251 1354 de
1281 1283 1381 1374 Cata,
1403 1281 1539 1382 johan·

314 1423 399 1472 nem
414 1398 548 1472 deinde
560 1397 624 1471 del
632 1399 671 1471 E
671 1395 791 1486 noina,
814 1395 1047 1470 Fernandum
1061 1394 1221 1496 denique
1235 1399 1279 1470 de
1297 1397 1413 1497 Roy'as
1430 1402 1537 1472 vicis·

313 1517 382 1587 sim
411 1517 583 1602 imitetur,
614 1537 809 1612 nusquam,
847 1537 930 1585 mea
956 1512 1104 1613 quidem
1125 1517 1320 1604 sententia,
1344 1512 1536 1589 dramatici

311 1642 426 1727 poetae
440 1630 604 1728 partibus
626 1629 755 1703 melius
776 1627 923 1702 functus
943 1642 997 1701 est
1017 1653 1128 1726 quam
1148 1632 1187 1702 in
1206 1633 1329 1704 scenis
1349 1656 1431 1730 quae
1448 1631 1536 1704 Tra·

309 1745 546 1842 gicomoediae
561 1747 605 1820 de
621 1744 767 1820 Calz'sto
786 1772 817 1845 y
835 1743 993 1818 Melz'bea
1008 1749 1221 1818 memoriam
1236 1745 1431 1820 reducunt.
1450 1747 1537 1840 Quo

309 1865 407 1936 enim
440 1861 551 1936 verbo
588 1862 634 1936 ad
674 1860 873 1960 Dialogum
895 1888 914 1930 ‹<
935 1873 1027 1949 para
1054 1869 1184 1952 cantor
1200 1891 1220 1932 ι
1260 1861 1536 1961 dijudicandum

299 1979 422 2052 ,utaris
441 1976 540 2075 quod
555 1977 668 2077 lyrico
681 1980 840 2051 sermoni
863 1984 1001 2049 «entre
1012 1977 1052 2048 el
1060 1975 1175 2049 Amor
1182 2004 1214 2076 y
1235 2003 1286 2050 un
1307 1976 1404 2079 viejo
1423 2008 1443 2049 ι
1460 2002 1535 2050 ιιοιι

306 2093 380 2192 jarn
397 2096 629 2167 conveniat?
657 2092 758 2188 Quid
793 2096 956 2183 interest,
994 2094 1064 2164 nisi
1095 2091 1235 2185 titulus,
1273 2097 1368 2168 inter
1399 2098 1535 2192 priores

305 2207 487 2308 Johannis
506 2211 569 2283 del
583 2209 730 2282 Encina
752 2207 937 2308 Ecglogas
955 2220 991 2281 et
1010 2207 1232 2282 comoediam
1244 2208 1346 2307 cujus
1364 2235 1532 2308 personae

306 2326 507 2417 Bran-Gz'l,
543 2324 804 2427 Beringuella‚
840 2323 1139 2425 Mr‘guelJurra,
1185 2326 1324 2400 Olalla'
1347 2351 1532 2426 senexque

304 2441 414 2542 Juan
440 2440 574 2516 Benito
603 2442 871 2515 nominantur?
904 2441 1074 2514 Pastores
1111 2466 1254 2540 semper
1272 2440 1442 2516 audimus
1468 2441 1530 2542 qui

305 2555 438 2630 rustica
470 2557 663 2655 opprobria
707 2554 864 2636 lundunt
899 2569 961 2632 aut
998 2554 1131 2654 puellae
1164 2557 1312 2632 lastidia
1359 2582 1528 2655 superare

287 2685 495 2747 monentur.
534 2674 626 2767 Quae
659 2677 697 2746 in
727 2677 884 2770 septima
909 2671 1090 2773 Johannis
1119 2672 1182 2746 del
1196 2673 1345 2747 Encz'na
1365 2673 1531 2773 Ecgloga

306 2788 495 2862 Pascualae
515 2787 661 2891 Mingo,
683 2793 712 2863 si
734 2787 882 2889 quidem
900 2804 1062 2862 mutuam
1081 2799 1300 2863 consecutus
1319 2788 1386 2865 erit
1404 2790 1530 2864 volun·

303 2907 430 2994 tatem,
450 2929 490 2978 se·
508 2905 677 2980 daturum
692 2931 771 2980 esse
786 2904 992 3005 pollicetur,
1009 2909 1136 2979 omnia
1162 2904 1226 2978 illa
1248 2906 1306 2979 vel
1328 2904 1430 2996 talia,
1454 2933 1528 2982 non

302 3025 425 3094 minus
438 3020 542 3095 rudia
561 3033 597 3096 et
612 3021 776 3111 ridicula,
802 3024 926 3120 nepoti
959 3020 1083 3095 dotem
1102 3022 1213 3123 Juan
1240 3020 1375 3096 Benito
1394 3027 1528 3098 consti·

302 3140 383 3211 tuit.
404 3137 460 3211 Ne
480 3135 554 3211 alid
575 3149 742 3212 «saturae
761 3140 989 3211 »materiam
1008 3162 1213 3235 quaeramus
1228 3141 1352 3237 inqua
1364 3138 1527 3214 nobilem

301 3251 499 3351 quamdam
554 3251 881 3344 adolescentulam,
932 3266 1187 3353 pastoremque
1233 3266 1269 3327 et
1305 3257 1524 3353 armigenrm

301 3367 494 3467 loquentes
509 3368 690 3444 audimus.
706 3369 836 3444 Risum
855 3383 952 3444 certe
971 3379 1073 3445 tuum
1093 3368 1256 3445 rusticuli
1273 3373 1425 3469 ineptiae
1450 3397 1525 3446 mo·

298 3486 435 3560 vebunt
464 3511 548 3584 quae
578 3485 712 3559 flebilis
742 3485 875 3584 puellae
914 3485 1022 3560 nimis
1050 3489 1248 3584 exquisitis
1292 3485 1455 3561 flosculis
1487 3500 1524 3561 et

300 3599 530 3676 ambitiosae
521 3627 559 3674 m
575 3599 784 3700 loquendo
773 3606 962 3700 Jactantiae
984 3601 1095 3700 longe
1111 3603 1270 3701 disparia
1288 3602 1399 3676 verba
1412 3627 1523 3701 oppo-

300 3730 422 3792 nunt·
415 3717 661 3811 3mediocrem
680 3743 765 3792 vero
783 3721 857 3791 vim
873 3721 911 3791 in
926 3716 1049 3792 labula
1064 3716 1284 3811 intricanda,
1303 3717 1523 3845 mediocrem

297 3861 444 3934 quoque
455 3859 691 3933 personarum
710 3838 901 3909 veritatem
920 3859 1000 3909 esse
1020 3833 1262 3909 existimabis.

347 3948 466 4024 Affect
452 3963 510 4025 tus
528 3963 657 4052 contra
671 3953 710 4024 in
744 3963 936 4026 «satura»
963 3953 1081 4025 acrius
1100 3963 1136 4024 et
1164 3953 1312 4049 gravius
1333 3963 1524 4026 moventur

296 4093 376 4167 quae
413 4045 575 4165 pastores
603 4067 706 4155 duos,
730 4067 884 4141 militem
924 4065 1122 4167 quemdam
1147 4065 1381 4167 puellamque
1400 4070 1521 4142 ovium

294 4315 381 4383 magis
405 4315 525 4384 ingenuis
543 4317 629 4368 verbis
649 4324 673 4366 et
698 4331 756 4382 quae
777 4316 905 4382 majorem
928 4317 1041 4367 habeant
1064 4315 1267 4366 misericordiam
1295 4313 1366 4366 nulla
1389 4316 1415 4366 in
1435 4315 1524 4383 lingua

293 4411 442 4461 expressum
455 4411 513 4448 esse
528 4413 535 4450 :

681 4493 695 4526 ι
710 4476 783 4528 Cuan
798 4477 1002 4528 dosconsoladas
1013 4477 1108 4526 luimus

682 4556 821 4623 Mezquina
834 4564 905 4607 entre
921 4557 959 4608 las
972 4556 1130 4623 meminus,

685 4638 794 4690 Cuando
806 4638 889 4704 quitur
903 4639 927 4689 le
942 4638 1068 4704 quinimos

683 4719 720 4770 La
732 4733 836 4784 corona,
849 4736 866 4786 y
882 4733 918 4770 no
927 4718 1050 4786 podimos

681 4799 835 4851 Arrancarle
847 4799 887 4851 las
897 4799 1001 4867 espinas
1016 4799 1023 4850 l
1043 4815 1058 4852 n
