3475 5609
355 737 485 787 sonum
525 713 674 811 regebat
706 717 781 812 qui,
819 715 905 787 dum
939 719 1012 787 tuis
1050 720 1119 787 mci
1158 715 1254 790 oculi
1283 730 1494 813 pascuntur,
1529 718 1577 790 ad

354 843 496 928 tempus
522 833 683 904 evanuit.
725 830 816 922 Quae
844 829 969 902 mollia
1007 844 1043 903 et
1086 830 1297 905 dulcissima
1337 838 1505 930 quamvis
1537 837 1576 907 in

353 947 545 1021 licentiora
563 959 599 1020 et
619 946 735 1044 turpia
761 946 942 1032 desinant,
974 951 1090 1042 prima
1119 960 1242 1020 tamen
1277 948 1403 1023 haberi
1423 967 1577 1047 possunt

350 1064 482 1162 quibus
497 1063 569 1137 duo
585 1063 747 1161 juveneS,
770 1068 828 1136 cui
850 1087 965 1135 rerum
988 1076 1115 1136 natura
1142 1064 1362 1138 obscuritate
1380 1078 1417 1139 et
1445 1070 1572 1140 nescio

350 1206 424 1279 quo
442 1179 647 1253 fascinante
662 1191 697 1252 et
713 1178 890 1252 ineffabili
907 1178 1092 1251 lenocinio
1103 1179 1221 1253 lavere
1240 1180 1391 1267 videtur,
1405 1196 1574 1256 amantes

348 1311 383 1369 et
411 1296 502 1368 nihil
537 1299 605 1368 nisi
640 1321 798 1369 amorem
819 1298 1054 1390 respicientes
1074 1301 1299 1369 suavissimis
1321 1297 1570 1395 depingantur

348 1411 544 1485 coloribus.
562 1410 714 1484 Talibus
734 1436 828 1507 saepe
852 1414 974 1481 scenis
993 1423 1029 1482 et
1046 1412 1291 1497 Slrakerpeare
1305 1426 1340 1485 et
1353 1418 1572 1487 recentiores

347 1540 466 1627 poetae
497 1530 597 1599 varia
633 1526 777 1600 tortuna
802 1541 961 1614 utentur,
997 1524 1061 1599 sed
1096 1527 1305 1614 celestino,
1347 1531 1414 1601 etsi
1449 1528 1570 1603 nullas

344 1644 481 1743 gratias
500 1644 713 1741 plerumque
741 1640 939 1732 debebunt,
978 1642 1255 1740 pulcherrimam
1290 1645 1387 1717 haud
1414 1644 1569 1741 eripient

343 1758 502 1833 laudem.

393 1876 471 1949 Nec
499 1879 620 1948 minus
646 1899 814 1971 personae
843 1904 925 1975 quae
958 1880 993 1947 in
1026 1874 1168 1949 theatro
1202 1874 1329 1947 humili
1358 1876 1439 1950 loc'o
1459 1890 1567 1951 natos

341 1992 510 2082 referunt,
548 2016 758 2089 quanquam
788 2018 809 2064 a
837 1997 954 2089 poetis
973 1989 1242 2088 antiquioribus
1275 1989 1562 2089 proficiscuntur,

341 2112 500 2208 speciem
520 2106 718 2207 quamdam
740 2105 878 2181 habent
903 2108 1027 2205 aliqua
1047 2122 1148 2203 parte
1163 2132 1297 2181 novam
1333 2111 1370 2180 in
1391 2134 1465 2208 qua
1484 2133 1564 2206 pro·

339 2230 437 2322 prius
455 2226 646 2322 Hispaniae
662 2239 697 2295 et
716 2224 932 2313 vernaculus
947 2248 1055 2319 sapor
1072 2222 1294 2319 deprehendi
1311 2223 1417 2297 lacile
1428 2239 1559 2322 potest.

339 2341 448 2434 Quod
468 2341 565 2413 c'lare
580 2338 739 2413 elucebit
766 2342 794 2411 si
818 2343 912 2412 inter
931 2363 969 2410 se
990 2337 1310 2435 Pyrgopolinicem
1332 2338 1434 2413 illurn
1455 2340 1563 2415 Plau·

312 2454 453 2531 'tinum
493 2456 644 2529 militem
675 2470 710 2527 et
754 2454 1015 2527 Centurionem
1045 2455 1254 2530 contuleris.
1290 2451 1438 2528 Habent
1465 2473 1562 2530 certe

312 2572 513 2671 permulta
540 2576 633 2644 inter
656 2596 694 2643 se
714 2573 925 2643 communia
944 2584 980 2642 et
999 2572 1176 2666 imprimis
1204 2567 1304 2640 illam
1319 2570 1561 2670 vaniloquen-

334 2696 422 2764 tiam
444 2716 528 2789 qua,
558 2714 640 2761 cum
661 2687 707 2760 de
727 2713 765 2759 se
787 2691 876 2785 ipsis
907 2686 1114 2783 loquuntur,
1141 2698 1310 2777 utuntur;
1347 2686 1411 2759 sed
1430 2688 1486 2762 vel
1520 2694 1559 2763 in

333 2808 402 2881 hac
444 2821 545 2905 parte
580 2803 761 2880 Centurio
812 2816 979 2899 praestare
1029 2801 1170 2875 videtur
1213 2814 1248 2873 et
1280 2801 1559 2899 jactantioribus

332 2923 453 2998 adhuc
479 2922 598 2996 verbis
611 2919 674 3011 uti,
698 2935 736 2993 ut
769 2919 874 2994 decet
895 2918 1081 2992 hominem
1103 2922 1141 2989 in
1163 2918 1348 3014 Hispania
1373 2935 1556 2997 versatum

331 3040 392 3114 ubi
426 3063 568 3136 semper
595 3062 651 3110 res
685 3034 842 3110 dicendo
871 3051 1062 3132 augentur,
1085 3032 1148 3107 ubi
1177 3032 1270 3106 nihil
1298 3032 1355 3106 vel
1393 3034 1465 3108 dici
1498 3038 1556 3111 vel

329 3156 438 3229 scribi
470 3167 589 3253 potest
618 3150 707 3250 quin
745 3148 880 3223 elatum
916 3163 951 3222 et
980 3148 1160 3223 tumidum
1194 3146 1269 3235 fiat,
1312 3146 1374 3220 ubi
1408 3149 1555 3227 demum

330 3297 439 3345 nemo
476 3284 530 3344 est
563 3272 740 3367 quinon,
778 3266 858 3366 lege
879 3263 1039 3364 quadam
1061 3278 1209 3352 naturae,
1248 3263 1304 3336 vel
1336 3268 1374 3337 in
1413 3266 1552 3367 vulgari

328 3412 495 3462 sermone
506 3382 736 3482 ampulletur.
754 3384 834 3480 jam
848 3384 946 3454 enim
966 3384 1003 3452 in
1021 3382 1269 3487 «Romancero
1283 3409 1301 3448 ›>
1312 3406 1393 3453 sese
1403 3382 1552 3479 gloriari

327 3508 534 3586 immodicis
545 3505 818 3581 laudationibus
833 3505 952 3580 solent
966 3509 1100 3602 quippe
1116 3508 1178 3601 qui
1197 3531 1271 3577 non
1282 3504 1452 3580 dubitent
1468 3506 1549 3581 baec

326 3642 361 3701 et
395 3628 485 3700 talia
513 3625 663 3698 dicero:
700 3626 824 3694 <isatis
857 3646 937 3694 esse
967 3620 1093 3694 decem
1123 3621 1312 3718 Hispanos
1349 3620 1396 3693 ad
1425 3619 1559 3721 profli?

267 3823 272 3836 ,
324 3746 470 3843 gandos
507 3740 606 3813 mille
651 3740 818 3811 homines
836 3768 866 3824 »,
916 3736 1007 3809 vel:
1046 3766 1065 3806 «
1086 3740 1117 3808 si
1150 3751 1297 3812 centum
1335 3749 1372 3809 et
1415 3741 1547 3835 viginti

326 3863 482 3959 Hispani
510 3858 695 3931 caedantur
727 3853 938 3953 quindecim
986 3851 1102 3924 millia
1144 3850 1355 3925 Maurorum
1396 3878 1547 3927 necesse

323 4006 402 4055 esse
424 4010 461 4051 ».
491 3978 571 4051 Hoc
592 3972 739 4046 dicendi
759 3997 879 4067 genus
898 3968 992 4042 adeo
1010 3967 1177 4042 innatum
1198 3972 1424 4075 insitumque
1442 3969 1540 4069 apud

325 4099 511 4192 Hispanos
544 4110 599 4165 est
634 4102 674 4164 ut
708 4087 806 4162 Galli
841 4086 990 4160 verbum
1039 4109 1172 4159 novum
1219 4097 1255 4159 et
1288 4089 1395 4185 quasi
1419 4086 1540 4186 hispa-

322 4215 449 4286 niense
483 4208 529 4281 ad
566 4206 746 4305 gloriosos
787 4201 869 4277 illos
907 4199 1042 4275 milites
1086 4198 1351 4298 significandos
1400 4208 1546 4302 excogi-

320 4328 474 4404 taverint
493 4350 584 4423 quos
604 4322 714 4419 vulgo
734 4350 753 4390 ‹<
776 4320 1000 4393 Matamores
1020 4347 1040 4388 r>
1070 4316 1211 4403 dicunt.
1235 4315 1416 4392 Centurio
1435 4319 1546 4417 igitur

321 4460 442 4520 noster
461 4441 512 4525 nil
529 4444 600 4513 nisi
613 4437 764 4511 brachia
783 4436 899 4509 tracta
917 4446 953 4509 et
971 4430 1136 4507 membra
1154 4443 1261 4530 rupta
1279 4445 1403 4531 crepat
1419 4468 1428 4528 3
1446 4438 1540 4528 ensi,

319 4567 348 4637 si
369 4563 516 4660 egregie
536 4557 633 4629 tacta
651 4576 819 4627 enarrare
852 4554 979 4649 possit,
1012 4542 1201 4649 nunquam
1231 4561 1374 4647 tempus
1401 4548 1543 4625 affatim

317 4681 411 4771 tore3
430 4703 469 4751 se
482 4672 614 4749 baculo
633 4694 728 4767 saepe
750 4666 801 4743 uti
832 4680 872 4743 ut
904 4680 1023 4742 cesset
1056 4664 1259 4765 aliquando
1277 4668 1400 4760 ensis;
1421 4691 1486 4765 per
1502 4693 1543 4745 se
1664 4661 1669 4671 ⁴

317 4798 434 4901 ipsum
454 4791 594 4891 impleri
615 4784 808 4888 sepulchra
839 4788 927 4885 quia
958 4780 1104 4859 {acilius
1117 4786 1165 4858 sit
1179 4780 1249 4857 soli
1268 4806 1414 4860 cursum
1432 4809 1541 4863 suum
