3475 5609
710 598 749 611 ..
770 577 871 693 ⁵⁵?

169 750 259 800 num
298 726 511 800 munificum
542 730 742 824 saepissime
771 727 1019 822 experituret
1050 721 1119 796 sibi
1149 722 1394 822 gratulantem

165 840 267 939 quod
300 840 553 915 fidelissimum
602 844 806 914 ministrum
856 839 1003 912 habeat.
1056 842 1199 912 Interea
1240 842 1394 936 propriis

165 958 354 1031 amoribus
395 958 560 1056 indulget
608 962 767 1055 optimus
798 970 920 1029 noster
956 953 1124 1044 famulus
1160 968 1196 1027 et
1233 954 1393 1052 quaesitis

165 1085 332 1147 attentus
346 1101 367 1147 a
383 1073 589 1171 sumptibus
609 1098 701 1172 quos
717 1098 838 1145 secum
860 1070 947 1144 lerre
966 1071 1059 1144 solet
1078 1073 1257 1143 amatoria
1276 1068 1393 1144 libido

164 1186 288 1286 lepide
314 1189 494 1278 avertitur,
515 1204 549 1263 et
581 1194 743 1286 integros
774 1192 811 1260 in
839 1186 968 1261 loculis
1001 1211 1170 1260 nummos
1199 1186 1323 1275 habet,
1351 1200 1393 1262 ut

163 1306 288 1378 senior
301 1303 424 1379 lactus
438 1311 564 1380 omnia
583 1304 630 1378 ad
658 1304 750 1377 bene
770 1303 948 1403 beateque
967 1304 1162 1377 vivendum
1184 1308 1391 1378 necessaria

163 1418 307 1494 affatim
324 1438 535 1520 suppetant.
559 1422 600 1495 Si
622 1449 712 1520 opus
727 1434 793 1507 est,
823 1447 898 1494 non
928 1419 1149 1517 dedignatur
1159 1431 1285 1507 ‚noster
1306 1446 1389 1494 cum

163 1534 250 1609 lena
283 1538 442 1636 quadam
487 1543 697 1612 societatem
740 1542 927 1611 instituere
960 1550 996 1610 et
1026 1562 1070 1609 ex
1104 1534 1166 1608 illa
1211 1550 1389 1635 quaestum

162 1650 379 1749 ampliorem
414 1653 558 1727 ducere.
589 1653 630 1726 Si
666 1678 761 1741 vero,
797 1666 836 1727 ut
862 1653 903 1726 fit
935 1654 1139 1749 saepissime
1172 1655 1316 1750 quoties
1341 1652 1387 1727 de

159 1782 304 1865 quaestu
328 1794 409 1842 cum
429 1758 493 1842 illo
517 1764 650 1865 genere
670 1768 885 1841 feminarum
911 1772 1043 1864 agitur,
1071 1765 1142 1840 sibi
1162 1790 1287 1863 rapere
1306 1766 1387 1864 plus

159 1909 274 1981 quam
287 1884 416 1958 deceat
441 1911 533 1958 anus
554 1910 665 1982 rapax
680 1898 810 1967 tentat.
826 1910 900 1957 non
927 1887 958 1957 is
988 1895 1043 1957 est
1063 1894 1184 1957 noster
1195 1881 1305 1978 homo
1322 1888 1387 1982 qui

160 1996 319 2074 libenter
352 2000 491 2098 aliquid
522 2000 589 2073 sibi
629 2000 768 2073 detrahi
811 2004 998 2099 patiatur:
1019 2000 1076 2097 jus
1113 2024 1218 2072 suum
1258 1997 1387 2096 repetit

160 2114 347 2213 fidemque
373 2116 497 2190 datam
523 2116 735 2189 obtestatur.
760 2118 890 2188 Evenit
908 2141 1003 2213 saepe
1018 2128 1056 2187 ut
1072 2115 1154 2187 lena
1178 2113 1226 2189 ad
1244 2127 1385 2187 suetam

161 2231 276 2303 artem
317 2230 483 2306 decurrat
519 2246 567 2321 et,
603 2232 802 2306 retinendae
840 2236 1015 2330 pecuniae,
1044 2230 1090 2305 de
1129 2257 1202 2329 qua
1233 2234 1381 2322 rixatur,

160 2372 287 2434 causa,
309 2351 504 2421 meretricis
520 2373 648 2445 corpus
665 2347 709 2420 ad
726 2345 828 2421 libita
848 2347 973 2420 famuli
987 2345 1277 2419 submittendum
1305 2347 1386 2444 prol

162 2464 285 2535 mittat
304 2496 311 2551 ς
341 2463 470 2536 abnuit
486 2489 569 2537 vero
585 2462 741 2536 famulus
762 2476 883 2536 noster
907 2477 941 2536 et
970 2460 1143 2537 dentibus
1171 2460 1384 2534 infrendens

160 2577 412 2652 machaerame
431 2584 566 2677 vagina
585 2584 690 2678 eripit
711 2606 790 2667 nec,
811 2578 879 2652 nisi
902 2578 1052 2653 redditis
1082 2581 1254 2661 nummis
1278 2574 1384 2650 dubi-

159 2692 254 2767 tabit
275 2693 397 2768 lenam
415 2695 616 2768 interlicere
636 2730 642 2785 ;
684 2722 756 2793 qua
777 2694 968 2768 interiecta
983 2694 1058 2767 lieri
1075 2706 1192 2791 potest
1211 2703 1250 2765 ut
1270 2691 1331 2765 ille
1344 2695 1383 2764 in

158 2833 305 2883 crucem
326 2810 483 2901 tollatur,
519 2815 548 2885 si
574 2812 671 2885 mala
697 2815 755 2885 avi
781 2824 888 2883 natus
907 2821 984 2899 est;
1007 2813 1034 2881 si
1064 2835 1147 2897 vero
1174 2808 1292 2881 lausto
1314 2807 1382 2880 hoc

155 2924 273 3021 egerit
294 2924 435 2999 lacinus
450 2931 585 3017 omine,
602 2926 676 3025 jam
698 2927 749 2999 illi
774 2930 899 2999 omnia
912 2925 1026 3023 plana
1040 2939 1143 3001 erunt
1171 2938 1207 2998 et
1231 2923 1382 2997 fortunae

155 3039 256 3114 filius
275 3039 352 3137 jure
374 3040 634 3139 perhibebitur.

209 3155 265 3230 llli
296 3157 423 3231 lamuli
456 3158 665 3233 industriosi
695 3158 801 3231 simul
822 3172 856 3231 et
880 3156 1029 3251 solertes
1052 3168 1088 3230 et
1122 3155 1255 3254 quibus
1288 3142 1381 3228 nihil

156 3276 278 3345 sancti
308 3286 395 3361 erat,
429 3300 510 3347 curn
551 3279 588 3347 in
628 3274 770 3349 ltaliam
798 3273 938 3347 devecti
968 3274 1132 3363 luissent,
1174 3272 1382 3345 solertiores

157 3386 325 3461 dolorum
359 3405 394 3462 et
422 3394 644 3463 comicarum
680 3389 932 3462 machinarum
960 3388 1120 3463 artifices
1157 3386 1266 3487 paulo
1299 3399 1382 3485 post

157 3502 243 3575 lacti
255 3518 350 3591 sunt,
368 3505 792 3604 saporemquerusticum
809 3531 917 3602 quem
931 3504 1026 3602 apud
1044 3506 1231 3600 Hispanos
1246 3501 1381 3578 habue-

156 3633 240 3690 rant
259 3644 400 3691 exuere.
424 3620 511 3693 Mox
534 3626 569 3693 in
588 3621 749 3695 Galliam
775 3634 1020 3718 penetravere,
1045 3619 1167 3718 ibique
1187 3619 1255 3692 sub
1272 3621 1381 3692 variis

157 3758 224 3825 seu
243 3732 395 3830 Scapini
413 3761 477 3807 sen
508 3737 704 3809 Mascarilli
729 3734 938 3809 nominibus
957 3735 1147 3833 praeclaras
1168 3734 1222 3809 vel
1258 3737 1379 3830 potius

156 3852 293 3946 primas
320 3868 452 3946 partes,
478 3855 514 3923 in
536 3853 593 3925 his
627 3852 821 3926 comoediis
846 3876 938 3949 quas
963 3851 1183 3949 exemplaria
1209 3850 1380 3925 Italorum

156 3969 269 4037 secuti
311 3970 421 4037 nostri
457 3956 570 4063 poetae
615 3968 819 4054 ediderunt,
859 3966 1061 4040 obtinuere.
1095 3968 1269 4039 Attamen
1296 3991 1381 4040 vera

156 4105 280 4153 eorum
303 4080 421 4177 proles
443 4086 536 4154 intra
552 4083 644 4156 fines
670 4083 857 4181 Hispaniae
886 4081 1083 4180 permansit
1109 4108 1182 4156 non
1204 4081 1320 4155 solum
1341 4084 1380 4155 in

155 4193 290 4268 tabulis
314 4196 360 4266 ad
399 4222 546 4270 scenam
586 4200 883 4283 accommodatis,
923 4198 986 4272 sed
1021 4202 1132 4271 etiam
1163 4202 1199 4270 in
1230 4196 1286 4271 his
1318 4196 1380 4271 ubi

156 4309 365 4407 legentibus
397 4338 460 4384 seu
499 4315 726 4411 ignobilium,
768 4342 831 4388 seu
860 4340 1018 4412 nequam
1057 4314 1246 4386 hominurn
1284 4313 1381 4389 facta

157 4439 369 4530 narrantur,
389 4432 426 4499 in
444 4429 501 4502 lus
520 4436 619 4501 enim
637 4432 757 4531 longis
773 4429 1042 4504 narrationibus
1061 4434 1241 4528 propriam
1276 4429 1378 4503 indo·

157 4543 228 4613 lem
249 4543 487 4617 ostentabunt
508 4546 630 4619 famuli
656 4546 815 4645 sientque
835 4546 941 4620 simul
962 4546 1131 4619 socordes
1151 4561 1185 4619 et
1218 4545 1378 4644 superbi,

154 4682 236 4729 sese
273 4684 380 4753 supra
417 4665 607 4756 pristinam
642 4678 677 4734 et
717 4662 890 4737 liumilcrn
924 4663 1174 4735 conditionem
1212 4661 1379 4735 attollere

153 4772 398 4863 conabuntur,
419 4801 545 4874 resque
570 4777 662 4851 bene
683 4779 786 4851 cedet
809 4777 895 4882 quia
914 4778 1117 4858 subtilitate
1137 4782 1278 4875 ingenii
1299 4776 1377 4852 freti
