3475 5609
851 561 1032 614 -102-

328 713 449 803 sumit,
473 709 647 785 libentius
661 737 746 785 vero
762 711 899 786 nelaria
918 724 953 785 et
978 710 1132 784 infanda
1151 712 1326 786 mandata
1343 717 1554 812 exsequitur

327 853 438 929 quam
457 839 497 904 ut
516 838 644 901 contra
662 826 772 901 iidem
792 828 890 902 haud
903 828 1047 905 evadat.
1071 827 1177 926 Pejor
1203 842 1257 903 est
1276 829 1432 904 famulus
1459 831 1546 929 ejus,

327 944 502 1018 «irater»
534 943 698 1020 Gomecz'o
729 947 790 1042 qui
821 945 941 1016 Deum
973 944 1163 1042 implorare
1185 972 1258 1018 non
1284 945 1427 1020 dubitat
1453 951 1551 1020 utin

326 1061 421 1134 lecto
436 1086 503 1134 suo
523 1060 715 1134 Dorosiam
731 1060 906 1133 famulam
928 1091 943 1127 a
965 1065 1001 1131 in
1017 1061 1155 1134 saecula
1167 1061 1383 1134 saeculorum
1400 1093 1418 1131 »
1438 1063 1550 1135 collo·

326 1200 408 1251 care
426 1175 525 1250 velit.
548 1176 721 1250 Attamen
737 1204 756 1245 ‹<
769 1176 981 1275 Serafinam
999 1205 1017 1245 ›>
1036 1201 1110 1250 non
1130 1189 1185 1250 est
1210 1181 1309 1274 parvi
1330 1178 1551 1252 aestimanda

212 1366 216 1373 ,
325 1307 364 1368 ut
383 1319 469 1392 quae
484 1315 675 1391 personam
690 1290 763 1389 jam
784 1317 806 1362 a
828 1291 1020 1364 Fernando
1038 1294 1082 1364 de
1105 1292 1219 1391 Roy'as
1239 1290 1494 1367 adumbratam
1513 1308 1550 1372 et

325 1409 408 1484 fatis
438 1408 646 1506 insignibus
679 1407 838 1481 debitam
881 1405 918 1480 in
955 1406 1157 1481 clarissima
1189 1409 1268 1482 luce
1301 1407 1546 1483 collocaverit.

327 1524 518 1619 Famulum
547 1523 630 1598 dico
650 1527 830 1597 comicum
851 1527 913 1622 qui
933 1535 1061 1621 postea
1088 1553 1107 1593 «
1122 1525 1327 1625 graciose»,
1362 1525 1550 1598 vocabitur

324 1653 359 1715 et
386 1666 494 1740 quem
515 1640 694 1714 immerito
714 1665 818 1713 suum
843 1664 922 1713 esse
942 1639 1034 1738 Lupe
1054 1641 1098 1712 de
1124 1641 1219 1740 Vega
1248 1639 1465 1738 praedicabit
1479 1646 1545 1737 (1).

324 1755 458 1830 Nonne
472 1759 571 1831 enim
591 1754 739 1830 Lem'cio
758 1769 866 1829 acuto
881 1769 917 1828 et
937 1756 1057 1829 laceto
1073 1749 1189 1828 'modo
1208 1781 1271 1829 eas
1297 1761 1375 1853 agit
1401 1757 1549 1854 partes?

324 1871 423 1966 Quid
443 1871 582 1946 salibus
601 1876 759 1946 amarius
774 1870 908 1970 quibus
926 1871 1133 1946 Teudurum
1155 1871 1303 1946 irridet?
1333 1873 1432 1966 Quid
1467 1898 1548 1945 sen·

322 1991 446 2063 tentiis
465 1991 584 2063 verius
603 2002 638 2062 et
659 1988 846 2062 venustius
875 1988 1008 2086 quibus
1040 1987 1207 2062 mulieres
1237 1989 1387 2062 rudibus
1420 2014 1547 2086 perpu-

320 2108 495 2204 gnaciurn
517 2105 672 2180 militum
704 2105 864 2184 motibus
898 2118 1025 2202 captas
1053 2109 1251 2178 insectatur
1275 2119 1311 2178 et
1329 2104 1547 2179 cavillatur?

323 2249 343 2291 <r
359 2222 640 2312 Transeuntem,
678 2225 811 2322 inquit,
834 2246 963 2296 canem
984 2225 1015 2296 si
1036 2248 1133 2294 nunc
1160 2221 1387 2319 perfoderirn,
1406 2219 1546 2295 videbis

321 2350 409 2436 quot
428 2364 498 2438 ego
525 2364 607 2413 cum
633 2351 823 2413 cruentato
842 2337 969 2436 gladio
989 2337 1249 2411 blanditiarum
1276 2351 1313 2411 et
1342 2337 1477 2411 risuum
1498 2337 1545 2410 ab

320 2479 365 2528 ea
397 2458 465 2528 sim
499 2468 723 2553 accepturus.
759 2452 967 2551 Sponsione
994 2466 1029 2526 te
1062 2479 1218 2550 provoco
1251 2479 1332 2527 eam
1371 2453 1546 2548 inducula

319 2593 465 2645 usuram
485 2596 565 2644 esse
594 2582 635 2644 ut
654 2570 782 2643 frontis
803 2595 891 2642 meae
910 2570 1078 2643 sudorem
1109 2569 1307 2668 abstergat,
1329 2568 1544 2668 dominique

320 2685 410 2758 mihi
437 2699 474 2760 et
504 2689 602 2784 regis
641 2690 793 2759 nomina
823 2690 1086 2783 imposituram.
1120 2687 1355 2758 »Neminem
1394 2685 1544 2758 Lenicio

318 2801 461 2877 facetiis
481 2801 657 2876 intactum
678 2802 862 2899 relinquit,
888 2827 955 2874 nec
982 2805 1181 2898 praesertim
1211 2803 1439 2874 Gomecium.
1473 2801 1542 2874 Cui

318 2943 400 2993 cum
433 2922 650 3018 persuaserit
678 2918 776 2992 brevi
800 2943 927 2991 euma
954 2916 1108 2990 Dorosia
1137 2930 1297 2990 amatum
1326 2920 1367 2989 iri
1396 2916 1544 2989 vincula

318 3034 434 3134 injicit
453 3047 489 3111 et
508 3035 660 3110 ridicula
680 3049 716 3108 et
736 3039 882 3132 magica
902 3038 1065 3108 carmina
1092 3033 1180 3105 dicit
1200 3037 1363 3130 (certum,
1388 3035 1537 3123 bertum,

315 3150 518 3241 calabazas,
535 3153 744 3252 garabatos,
775 3153 862 3246 etc.)
885 3177 965 3249 quae
990 3152 1171 3223 Caldercn
1191 3164 1226 3222 et
1246 3161 1327 3246 post
1346 3174 1428 3221 eum
1459 3151 1491 3222 T
1486 3150 1543 3222 ho·

316 3293 396 3341 mas
416 3266 608 3343 Corneille
624 3267 735 3365 longe
752 3266 906 3340 aberunt
925 3278 965 3339 ut
984 3266 1203 3364 despiciant.
1224 3267 1275 3362 (2)

364 3384 461 3457 Vera
491 3382 566 3482 jam
596 3395 651 3456 est
687 3395 723 3456 et
760 3385 864 3480 quasi
902 3381 1059 3479 perlecta
1079 3382 1263 3455 comoedia
1301 3383 1379 3453 «de
1402 3395 1489 3479 capa
1511 3408 1541 3480 y

314 3502 482 3600 espada»
514 3500 656 3574 lmenea
685 3499 749 3571 illa
768 3525 848 3597 quae
877 3497 1033 3596 priorum
1066 3496 1307 3599 Ecglogarum
1345 3497 1435 3570 nihil
1468 3502 1538 3571 nisi

315 3614 539 3689 cantilenam
561 3614 792 3688 evillancico
810 3644 827 3684 v
847 3614 981 3686 dictam
1002 3618 1144 3701 retinet,
1162 3618 1361 3686 materiam¹
1382 3627 1503 3707 autem
1519 3641 1539 3687 e

313 3731 612 3829 Tragicomoedia
630 3731 676 3804 de
697 3729 845 3807 Calisto
858 3758 889 3829 y
907 3729 1064 3804 Melr'beu
1084 3735 1188 3803 eruit.
1225 3732 1408 3802 lmen'eum
1440 3729 1537 3803 enim

311 3848 479 3948 juvenem
510 3847 677 3921 videmus
704 3853 767 3946 qui
802 3846 944 3920 duobus
982 3851 1178 3919 comitatus
1220 3845 1364 3936 famulis
1403 3845 1538 3920 nobilis

313 3965 442 4039 Febeae
480 3962 655 4038 fenestras
694 3982 873 4037 nocturna
905 3962 1124 4061 symphonia
1156 3976 1261 4035 ornat
1294 3974 1330 4033 et
1364 3987 1386 4046 a
1415 3962 1538 4058 puella

311 4080 538 4155 mollissimis
566 4079 735 4178 precibus
768 4085 936 4176 impetrat
958 4092 996 4150 ut
1026 4083 1063 4150 in
1097 4079 1173 4175 ejus
1199 4077 1346 4149 domum
1373 4081 1539 4174 proxima

311 4209 419 4272 nocte
438 4222 477 4272 se
492 4200 665 4271 insinuet.
690 4198 782 4290 Quae
797 4210 873 4269 tum
895 4195 955 4268 ille
975 4199 1137 4292 exposcit
1152 4208 1193 4284 *et
1213 4193 1276 4266 illa
1292 4207 1434 4265 recusat
1450 4219 1536 4267 con·

310 4316 431 4387 cinnis
464 4325 500 4386 et
529 4310 728 4411 aliquando
769 4310 1021 4385 subtilioribus
1048 4310 1167 4382 verbis
1196 4309 1366 4381 dicuntur
1402 4309 1537 4407 quibus

312 4429 401 4505 nihil
444 4432 562 4527 magis
603 4441 657 4501 est
709 4428 994 4525 comparandum
1027 4450 1138 4524 quam
1183 4429 1303 4523 primi
1335 4425 1463 4498 Calisti
1497 4439 1535 4498 et

339 4734 375 4798 (ι)
389 4731 424 4783 Cf
436 4731 574 4798 epistolam
592 4747 669 4797 quam
687 4730 775 4797 primis
790 4729 927 4780 comoediae
940 4730 964 4777 F
966 4727 1101 4776 rancesillo
1118 4726 1201 4776 verbis
1218 4728 1277 4789 Lope
1287 4728 1319 4775 de
1342 4727 1410 4788 Vaga
1425 4726 1531 4792 adjecit.

339 4815 375 4880 (2)
390 4812 422 4864 Cl
435 4829 450 4866 t
463 4814 497 4864 El
510 4813 753 4876 Astrologofingido
764 4828 778 4864 o
791 4819 816 4861 et
828 4827 843 4864 ι
857 4813 893 4860 Le
902 4810 983 4860 Feint
997 4809 1150 4872 Astrologue
1163 4825 1186 4858 v.
