3475 5609
663 588 822 655 ..59-

134 718 273 835 operam
290 760 336 807 ne
357 732 500 807 illorum
520 732 683 807 ardorem
704 733 811 807 simul
834 746 871 807 et
886 733 1144 807 liberalitatem
1168 729 1352 828 extemplo

131 856 345 948 exstinguat.
371 850 571 945 Cbirurgos
595 864 723 923 contra
742 850 780 923 in
798 850 1005 947 exemplum
1028 853 1181 923 assumit
1196 850 1259 946 qui
1277 850 1349 945 pri·

101 993 106 1001 ·
133 992 223 1041 mum
244 965 394 1039 vulnera
409 965 635 1038 atrocissima
651 964 766 1038 videri
784 964 965 1039 affirmant
985 978 1020 1039 et
1047 964 1218 1039 remediis
1237 984 1350 1062 quam

132 1084 310 1157 lenissime
334 1094 493 1155 utuntur.
516 1082 715 1179 Juvenisne
740 1096 862 1155 autem
884 1079 931 1153 ad
946 1104 1028 1154 eam
1048 1080 1205 1154 decurrit
1228 1079 1352 1151 omnis
1396 1117 1398 1120 ·

131 1224 231 1274 morae
259 1201 454 1295 impatiens
482 1210 517 1271 et
550 1196 750 1270 obstaculis
782 1226 800 1266 «
831 1195 939 1270 velut'
955 1212 1079 1269 taurus
1102 1193 1308 1269 calcaribus
1334 1228 1350 1260 a

132 1314 281 1387 effrenus
296 1326 330 1385 et
346 1312 481 1385 ferox?
515 1312 628 1385 Cavet
656 1311 844 1386 Celestina
868 1338 914 1385 ne
940 1336 1036 1410 saepe
1065 1309 1230 1410 repulsus
1252 1332 1354 1381 amor

91 1504 98 1519 ‚
132 1428 355 1517 relentescat,
383 1443 418 1499 et
451 1431 663 1525 perniciosae
696 1426 805 1500 febris
831 1430 1006 1523 impetum
1041 1450 1151 1523 quam
1177 1426 1353 1497 citissime

132 1542 303 1617 discutere
329 1557 482 1617 conatur
502 1556 539 1615 ut
558 1566 639 1615 eam
672 1542 808 1616 laetitiae
834 1546 1015 1640 impotens
1051 1542 1193 1640 juvenis
1222 1538 1353 1613 subitis

133 1684 194 1731 nec
212 1662 431 1757 computatis
447 1662 603 1756 praemiis
624 1676 739 1731 ornet.
761 1658 837 1740 Sic,
859 1662 970 1732 variis
1000 1683 1142 1758 semper
1172 1654 1354 1730 machinis

132 1776 355 1863 intermixtis,
392 1772 478 1847 dum
509 1774 750 1870 cupiditatem
766 1774 831 1847 illa
849 1798 953 1847 suam
973 1799 1116 1872 semper
1134 1770 1267 1871 profert
1287 1795 1354 1843 nec

20 1908 21 1923 ³
132 1914 288 1987 unquam
319 1903 491 1977 ostentat,
530 1893 728 1963 maximam
756 1889 829 1961 sibi
859 1887 970 1963 iidem
996 1888 1085 1962 lacit
1112 1900 1150 1962 et
1177 1888 1223 1960 ad
1256 1889 1353 1959 viros

131 2004 276 2103 quaestui
292 2004 483 2078 habendos
503 2029 614 2104 quam
631 2004 824 2102 plurimum
854 2004 963 2077 valet.
994 1997 1072 2077 Nec
1095 2006 1270 2076 minorem
1305 1999 1352 2073 ad

133 2120 295 2195 mulieres
310 2119 379 2193 sibi
396 2120 652 2195 conciliandas
680 2120 864 2194 solertiam
896 2120 1061 2194 adhibet.
1080 2120 1234 2215 Semper
1251 2120 1352 2191 enim

131 2263 168 2312 se
185 2236 292 2311 offert
311 2261 385 2336 quo
399 2232 485 2311 u'sus
505 2261 621 2337 operae
640 2242 701 2325 sit,
722 2251 758 2311 et
777 2241 961 2311 sexcentis
974 2236 1143 2310 mulieres
1162 2233 1353 2309 beneficiis

20 2410 21 2415 ,
132 2352 240 2426 afficit
254 2379 335 2451 quae
350 2356 436 2427 viris
456 2354 799 2442 minimavidentur,
819 2352 871 2427 eis
886 2378 971 2427 vero
992 2356 1153 2426 maxima
1173 2353 1353 2424 aestiman·

132 2482 196 2543 tur.
230 2468 364 2543 Nonne
393 2468 525 2542 multas
555 2470 759 2543 medicinas
791 2469 890 2543 novit
925 2497 1015 2569 quae,
1053 2493 1136 2542 cum
1165 2469 1353 2567 egregium

131 2588 269 2682 corpori
285 2584 443 2658 colorem
460 2583 702 2683 suppeditent,
738 2611 848 2684 quam
873 2583 1142 2684 pretiosissimae
1175 2578 1354 2654 habendae

130 2712 213 2773 sunt
233 2700 336 2773 iVix
362 2713 483 2773 autem
514 2702 665 2774 domum
690 2700 900 2799 ingreditur,
926 2714 962 2774 et
978 2699 1053 2798 jam
1078 2698 1147 2773 sibi
1167 2696 1276 2773 fidem
1303 2699 1355 2769 ita

131 2814 213 2889 iacit
234 2828 273 2889 ut
293 2819 325 2887 ei
344 2841 428 2889 mox
442 2816 585 2889 occulta
607 2815 813 2891 credantur.
837 2817 915 2890 Nec
934 2840 1017 2889 eam
1044 2812 1245 2913 percellunt
1275 2838 1356 2911 qua

130 2934 257 3005 ceteris
276 2930 508 3005 lormidinem
528 2932 733 3031 injicerent,
759 2932 893 3007 nedum
916 2944 1101 3005 matronas
1128 2924 1185 3003 vel
1213 2928 1357 3002 nobiles

131 3046 270 3146 puellas
289 3059 430 3121 tentare
459 3046 603 3121 dubitet
625 3074 717 3146 quas
736 3073 831 3147 saepe
852 3073 927 3145 quo
946 3052 1101 3145 primum
1135 3048 1358 3142 arrogantio-

131 3189 197 3254 reS,
220 3188 266 3235 eo
285 3160 419 3235 deinde
436 3162 653 3236 humiliores
669 3168 795 3237 sensit.
816 3164 908 3257 Quae
934 3176 1093 3237 ceterum
1115 3162 1244 3235 mulier
1262 3160 1359 3234 lenae

132 3277 182 3351 illi
202 3279 346 3350 resistat
357 3303 437 3375 quae
450 3276 639 3351 mulierum
656 3294 782 3375 pectus
797 3282 903 3378 quasi
920 3293 1084 3376 apertum
1112 3277 1214 3350 videt
1228 3278 1245 3349 ἲ
1261 3275 1359 3371 Quid

132 3396 228 3467 enim
264 3397 303 3465 in
340 3398 394 3466 eis
423 3392 654 3466 imbecillum
685 3398 732 3467 sit
766 3420 833 3467 nec
869 3393 1060 3467 Celestina
1080 3398 1225 3492 ignorat
1256 3406 1292 3465 et
1325 3390 1362 3464 id

132 3508 316 3584 subtiliter
337 3522 488 3597 tractat,
512 3513 588 3583 sive
603 3535 665 3583 eas
687 3514 845 3607 pecunia
865 3509 921 3583 vel
947 3507 1143 3607 voluptate,
1168 3512 1243 3583 sive
1259 3512 1364 3581 mise·

133 3624 508 3722 ricordiaoppugnat.
613 3662 617 3669 ·

184 3742 237 3813 lta
261 3741 361 3813 litut
386 3745 556 3814 omnium
581 3742 772 3815 bominum
794 3756 944 3816 naturas
963 3754 1184 3842 perscrutata
1209 3740 1365 3828 nullum,

132 3859 164 3928 si
180 3855 268 3928 data
288 3870 342 3929 est
362 3860 520 3945 occasio,
551 3857 827 3955 depravandum
864 3873 1017 3933 recuset.
1047 3858 1192 3954 Quibus
1212 3861 1367 3955 primum

133 3970 299 4043 artificiis
316 3972 584 4046 Parmenonem
612 3979 853 4048 circumvenit
873 3980 936 4075 qui
964 3974 1238 4072 imprudentem
1252 3971 1367 4047 Calis·
1387 3959 1389 3961 ’

130 4100 208 4159 tum
224 4090 314 4159 tu'eri
343 4090 515 4160 conatur!
539 4090 624 4183 Qua
650 4090 824 4163 simulata
853 4094 1032 4164 comitate
1058 4088 1196 4165 lamulo
1239 4088 1367 4162 suadet

131 4216 171 4276 ut
192 4200 240 4274 ab
272 4205 417 4300 ingrato
438 4203 590 4278 domino
616 4206 777 4295 deficiat,
802 4209 878 4280 suis
899 4220 1021 4279 autem
1036 4204 1242 4279 commodis
1257 4209 1369 4277 inser·

94 4328 97 4337 '
131 4319 235 4392 viat!
260 4318 382 4411 Quam
416 4319 576 4419 denique
618 4326 656 4395 in
689 4321 766 4423 ejus
800 4326 926 4395 animo
958 4321 1149 4394 libidinem
1182 4334 1302 4401 movet
1329 4332 1369 4393 ut

132 4457 217 4507 eum
246 4434 392 4507 Areusae
431 4436 663 4533 possidendae
706 4464 769 4535 spe
806 4452 922 4512 totum
961 4462 1066 4511 suum
1100 4436 1233 4510 iaciat!
1276 4438 1363 4530 Quo

132 4550 319 4623 Parmeno
335 4549 445 4622 modo
469 4550 609 4624 vetulae
627 4552 774 4627 diutius
788 4553 981 4627 obsisteret
1013 4580 1094 4650 quae
1113 4550 1300 4650 quondam
1322 4554 1362 4623 in
1431 4607 1435 4613 .

132 4662 424 4739 familiaritatem
448 4670 571 4740 matris
590 4673 735 4764 penitus
757 4674 904 4743 intravit
930 4683 966 4743 et
985 4696 1083 4743 nune
1103 4672 1231 4741 amicae
1250 4666 1373 4741 Clau·-

133 4780 510 4855 dinaefiliumsincero
526 4808 649 4857 amore
658 4788 827 4885 prosequi
845 4785 1054 4885 profitetur?
1066 4780 1363 4882 Celestina‘quod
