3475 5609
145 694 237 791 quia
254 701 291 765 et
309 693 399 789 ipsis
418 702 473 767 est
494 690 619 790 aliqua
653 690 802 765 honoris
822 715 908 765 cura
934 716 1053 790 quem,
1095 716 1177 765 cum
1197 717 1300 790 aeque
1331 717 1374 765 ac

146 820 323 881 matronae
343 804 567 903 superbiant,
598 804 680 879 laedi
717 805 813 881 haud
852 806 959 881 lacile
996 808 1135 881 sinunt.
1175 808 1236 883 Eae
1273 810 1372 881 enim

145 938 234 995 sunt
259 921 393 1023 quibus
431 925 609 996 rationem
643 926 725 995 vitae
762 937 800 996 ut
836 947 967 1020 corpus
1003 950 1048 996 ex
1082 948 1230 1020 corpore
1271 922 1375 998 alant

146 1050 354 1149 susceptam
372 1062 446 1111 non
462 1036 618 1111 libenter
630 1036 865 1137 eriprobrabis
886 1064 969 1111 curn
985 1044 1208 1137 reputaveris
1223 1064 1286 1111 eas
1304 1037 1374 1112 hoc

146 1152 294 1225 vivendi
312 1178 431 1251 genus
445 1152 604 1253 quadarn
619 1157 786 1251 ingenita
798 1153 969 1251 superbia
989 1152 1163 1252 deceptas
1183 1153 1385 1254 amplexas

145 1294 229 1341 esse
249 1294 295 1341 ne
314 1268 507 1343 servilibus
527 1268 656 1342 officiis
668 1266 912 1367 iungerentur,
931 1296 1021 1343 neve
1045 1270 1201 1370 superba
1215 1268 1374 1345 dominae

146 1383 297 1461 fastidia
333 1386 465 1460 ferrent
503 1420 509 1459 :
558 1384 708 1459 liberam
756 1412 875 1485 neque
903 1386 1056 1485 alicujus
1094 1387 1243 1460 arbitrio
1290 1384 1373 1459 sub·

146 1497 263 1573 ditam
282 1502 414 1599 degere
430 1504 544 1574 viram
564 1498 765 1589 voluerunt,
796 1514 831 1575 et
860 1502 1035 1601 quoniam
1056 1502 1159 1576 nullo
1187 1501 1271 1587 alio,
1305 1500 1375 1575 hoc

20 1688 22 1699 ,
146 1614 278 1689 saltem
293 1643 367 1716 quo
386 1629 553 1714 poterant
575 1618 696 1705 modo,
731 1616 826 1689 hanc
853 1622 1048 1714 pretiosam
1070 1617 1274 1691 libertatem
1303 1616 1373 1691 sibi

148 1730 444 1807 vindicaverunt.
481 1730 630 1831 Alioqui
666 1759 783 1831 neque
816 1736 977 1807 avaritiae
1018 1732 1226 1819 admodum,
1279 1736 1374 1807 sicut

148 1847 333 1921 Plautinae
354 1846 568 1937 meretrices,
590 1846 721 1921 deditae
742 1846 909 1922 videntur
927 1874 1048 1949 neque
1078 1852 1236 1948 praemiis
1256 1846 1372 1921 solum
1500 1908 1508 1923 .

148 1966 316 2038 animum
338 1964 548 2054 intendunt,
571 1964 647 2051 sed,
681 1963 779 2063 quod
800 1988 920 2063 neque
933 1962 1211 2064 aspernandum
1241 1968 1279 2037 in
1301 1962 1375 2036 illis

147 2091 216 2167 est,
251 2082 281 2151 si
315 2104 438 2153 amore
458 2078 612 2178 alicujus
643 2082 894 2157 immorantur.
917 2103 992 2153 non
1024 2106 1088 2178 spe
1121 2093 1286 2180 quaestus
1308 2076 1373 2151 sed

147 2194 299 2267 amandi
313 2207 455 2269 tantum
471 2196 658 2293 voluptate
672 2196 882 2271 detinentur
901 2230 907 2286 ;
925 2199 955 2270 si
973 2200 1104 2295 saepius
1116 2220 1247 2294 corpus
1266 2220 1372 2269 suum

148 2310 344 2403 emendum
376 2324 412 2385 et
445 2309 646 2384 blanditias
678 2312 837 2399 venales,
875 2324 915 2386 ut
947 2310 1013 2386 lert
1038 2312 1136 2411 quod
1169 2321 1374 2413 sequuntur

147 2425 298 2499 vivendi
312 2452 442 2524 genus,
466 2425 639 2526 praebent,
657 2428 858 2527 aliquando
877 2441 915 2502 et
935 2432 1021 2527 ipsae
1040 2454 1085 2502 ex
1105 2452 1190 2501 arca
1225 2438 1374 2501 sumunt

147 2542 246 2615 unde
273 2545 397 2641 egenti
418 2546 571 2617 amatori
605 2542 848 2642 suppeditent,
874 2544 929 2619 vel
955 2543 1002 2617 ad
1022 2547 1243 2643 pauperiem,
1279 2546 1373 2617 sicut

148 2656 288 2750 Areusa
322 2685 344 2731 a
377 2657 612 2745 Centurione,
650 2658 697 2731 ab
731 2674 892 2734 amatore
930 2685 996 2734 suo
1016 2658 1149 2734 adduci
1170 2663 1371 2758 patiuntur.

148 2771 245 2847 Sunt
278 2774 437 2873 denique
469 2772 655 2848 nonnullae
687 2802 767 2875 quae
807 2802 889 2850 cum
920 2800 1002 2850 vere
1035 2788 1072 2850 et
1110 2790 1187 2850 toto
1226 2787 1374 2874 pectore

147 2894 351 2963 amaverint
387 2904 587 2965 amatorem
622 2905 813 2981 mortuum,
856 2905 894 2965 ut
938 2891 1197 2990 Sempronium
1240 2889 1370 2976 Elicia,

148 3003 247 3077 brevi
265 3004 363 3080 luctu
389 3020 667 3111 prosequantur.
701 3008 842 3082 Omnes
862 3031 946 3081 vero
975 3006 1046 3079 illae
1080 3010 1286 3080 meretrices
1312 3026 1377 3103 per

146 3119 284 3215 gradus
298 3122 498 3219 procedunt
518 3147 609 3221 quos
634 3122 825 3223 ingeniose
854 3123 891 3196 F
890 3124 1049 3198 ernando
1068 3124 1111 3195 de
1137 3122 1252 3221 Rojar
1272 3134 1374 3194 nota·

147 3237 213 3311 vit.
236 3238 382 3311 Areusae
403 3241 502 3312 enim
524 3238 633 3312 modo
653 3243 764 3312 vitam
781 3236 1014 3311 instituentes
1036 3243 1192 3336 primum
1211 3260 1373 3311 amorem

148 3353 281 3429 laedere
308 3354 480 3429 dubitant
511 3381 579 3429 nec
617 3354 797 3455 quidquid
830 3358 868 3427 in
901 3381 942 3429 se
979 3354 1174 3429 verecundi
1213 3354 1376 3430 habeant

148 3468 351 3568 abjiciunt;
376 3496 460 3544 mox
481 3486 542 3545 aut
560 3472 793 3545 honestarum
818 3470 874 3545 vel
890 3470 1034 3546 utilium
1069 3496 1186 3545 rerum
1219 3472 1376 3544 omnino

150 3583 346 3659 incuriosae
367 3584 471 3689 laetae
502 3590 539 3659 in
573 3587 765 3660 libidinem
784 3584 1033 3675 effunduntur,
1067 3602 1127 3660 aut
1161 3584 1309 3674 nullius,
1345 3589 1376 3658 si

149 3702 241 3775 ierat
275 3726 358 3791 aera,
396 3706 569 3775 amatoris
601 3701 749 3775 fastidio
785 3702 928 3777 allectae
977 3728 1146 3778 nummos
1178 3701 1307 3776 sedulo
1339 3700 1376 3774 in

150 3814 311 3890 loculum
345 3818 541 3890 demittunt
579 3816 676 3891 unde
710 3830 820 3891 aetate
853 3843 983 3915 graves
1015 3831 1240 3892 senectutem
1270 3842 1374 3892 suam
1456 3809 1462 3822 ’

151 3930 264 4005 alent.
284 3931 342 4005 Ad
362 3958 557 4023 summum,
581 3937 657 4007 sive
676 3932 863 4021 utilitates
890 3936 965 4005 sive
986 3932 1134 4006 amandi
1154 3932 1376 4030 voluptatem

151 4060 365 4145 sequuntur,
393 4047 529 4144 prolem
549 4088 551 4095 v
568 4036 792 4147 frequentem
824 4049 1029 4122 habuerunt
1062 4052 1197 4149 quippe
1228 4049 1380 4148 quibus,

152 4190 200 4237 ne
218 4162 338 4261 plures
353 4164 485 4253 dicam,
510 4168 586 4238 sive
606 4166 684 4239 Fen
699 4164 747 4237 'sa
776 4165 873 4262 apud
913 4165 1113 4262 HispanoS,
1144 4168 1219 4240 sive
1243 4167 1379 4239 Manon

153 4281 250 4376 apud
272 4278 407 4353 Gallos·
421 4294 458 4352 ut
479 4294 577 4355 natae
598 4190 779 4378 assignari
801 4305 906 4376 posse
926 4274 1130 4353 videantur.

206 4394 258 4467 Ex
270 4394 399 4467 eadem
419 4395 546 4468 sobole
568 4395 725 4470 exoritur
751 4395 940 4483 Celestina
970 4421 1050 4493 quae
1070 4400 1223 4495 ingenio
1254 4396 1379 4472 subtili
1453 4463 1458 4471 .

155 4526 192 4585 et
212 4509 391 4584 industria
411 4510 583 4609 perdocta
607 4537 715 4609 supra
745 4523 884 4584 ceteras
911 4525 1030 4585 exstat
1059 4527 1095 4586 et
1124 4515 1272 4587 eminet.
1296 4514 1380 4586 Non

157 4626 249 4699 nihil
267 4624 414 4723 quidem
438 4630 475 4698 in
495 4653 539 4701 ea
572 4632 728 4724 reperias
754 4626 851 4725 quod
879 4626 944 4698 tibi
963 4654 1009 4699 ex
1029 4627 1191 4725 antiquis
1218 4626 1380 4701 lontibus

159 4742 331 4819 baustum
352 4740 528 4815 videatur.
552 4742 635 4817 Non
662 4746 761 4815 enirn
781 4769 823 4818 ea
853 4741 910 4819 vel
930 4741 1034 4819 aliter
1054 4744 1108 4825 vel
1131 4748 1251 4823 minus
1270 4769 1381 4852 quam
