<?xml version="1.0" encoding="UTF-8"?>
<!DOCTYPE html PUBLIC "-//W3C//DTD XHTML 1.0 Transitional//EN"
    "http://www.w3.org/TR/xhtml1/DTD/xhtml1-transitional.dtd">
<html xmlns="http://www.w3.org/1999/xhtml" xml:lang="en" lang="en">
 <head>
  <title>
</title>
<meta http-equiv="Content-Type" content="text/html;charset=utf-8" />
  <meta name='ocr-system' content='tesseract 3.04.00' />
  <meta name='ocr-capabilities' content='ocr_page ocr_carea ocr_par ocr_line ocrx_word'/>
</head>
<body>
  <div class='ocr_page' id='page_1' title='image "./quatenus00unkngoog_0047.png"; bbox 0 0 3475 5609; ppageno 0'>
   <div class='ocr_carea' id='block_1_1' title="bbox 900 594 1060 673">
    <p class='ocr_par' dir='ltr' id='par_1_1' title="bbox 900 594 1060 673">
     <span class='ocr_line' id='line_1_1' title="bbox 900 594 1060 673; baseline 0.013 -32"><span class='ocrx_word' id='word_1_1' title='bbox 900 594 1060 673; x_wconf 78' lang='lat'>..46-</span> 
     </span>
    </p>
   </div>
   <div class='ocr_carea' id='block_1_2' title="bbox 365 751 1597 1779">
    <p class='ocr_par' dir='ltr' id='par_1_2' title="bbox 367 751 1597 1081">
     <span class='ocr_line' id='line_1_2' title="bbox 367 751 1593 851; baseline 0.002 -24"><span class='ocrx_word' id='word_1_2' title='bbox 367 752 465 851; x_wconf 90' lang='lat' dir='ltr'>quod</span> <span class='ocrx_word' id='word_1_3' title='bbox 485 756 597 827; x_wconf 88' lang='lat' dir='ltr'>tristis</span> <span class='ocrx_word' id='word_1_4' title='bbox 614 752 722 826; x_wconf 88' lang='lat' dir='ltr'>Pluto</span> <span class='ocrx_word' id='word_1_5' title='bbox 751 778 859 849; x_wconf 92' lang='lat' dir='ltr'>quem</span> <span class='ocrx_word' id='word_1_6' title='bbox 886 751 970 825; x_wconf 91' lang='lat' dir='ltr'>lena</span> <span class='ocrx_word' id='word_1_7' title='bbox 998 755 1284 828; x_wconf 80' lang='lat' dir='ltr'>incantamentis</span> <span class='ocrx_word' id='word_1_8' title='bbox 1315 753 1482 826; x_wconf 83' lang='lat' dir='ltr'>obsecrat</span> <span class='ocrx_word' id='word_1_9' title='bbox 1515 781 1593 829; x_wconf 92' lang='lat' dir='ltr'>non</span> 
     </span>
     <span class='ocr_line' id='line_1_3' title="bbox 368 867 1593 979; baseline 0.001 -36"><span class='ocrx_word' id='word_1_10' title='bbox 368 868 521 943; x_wconf 92' lang='lat' dir='ltr'>multum</span> <span class='ocrx_word' id='word_1_11' title='bbox 533 896 555 941; x_wconf 91' lang='lat' dir='ltr'>a</span> <span class='ocrx_word' id='word_1_12' title='bbox 567 867 730 942; x_wconf 88' lang='lat' dir='ltr'>Lucilero</span> <span class='ocrx_word' id='word_1_13' title='bbox 746 867 864 940; x_wconf 86' lang='lat' dir='ltr'>diflert</span> <span class='ocrx_word' id='word_1_14' title='bbox 876 873 1011 966; x_wconf 87' lang='lat' dir='ltr'>quippe</span> <span class='ocrx_word' id='word_1_15' title='bbox 1025 874 1085 968; x_wconf 92' lang='lat' dir='ltr'>qui</span> <span class='ocrx_word' id='word_1_16' title='bbox 1099 874 1204 941; x_wconf 91' lang='lat' dir='ltr'>trium</span> <span class='ocrx_word' id='word_1_17' title='bbox 1220 870 1407 942; x_wconf 82' lang='lat' dir='ltr'>Furiarum</span> <span class='ocrx_word' id='word_1_18' title='bbox 1421 874 1593 979; x_wconf 78' lang='lat' dir='ltr'>princeps</span> 
     </span>
     <span class='ocr_line' id='line_1_4' title="bbox 367 983 1597 1081; baseline 0.003 -23"><span class='ocrx_word' id='word_1_19' title='bbox 367 1001 402 1058; x_wconf 91' lang='lat' dir='ltr'>et</span> <span class='ocrx_word' id='word_1_20' title='bbox 419 985 674 1057; x_wconf 87' lang='lat' dir='ltr'>damnatorum</span> <span class='ocrx_word' id='word_1_21' title='bbox 695 984 908 1080; x_wconf 86' lang='lat' dir='ltr'>augelorum</span> <span class='ocrx_word' id='word_1_22' title='bbox 925 984 1118 1081; x_wconf 92' lang='lat' dir='ltr'>imperator</span> <span class='ocrx_word' id='word_1_23' title='bbox 1133 989 1293 1059; x_wconf 89' lang='lat' dir='ltr'>vicissim</span> <span class='ocrx_word' id='word_1_24' title='bbox 1310 983 1597 1062; x_wconf 79' lang='lat' dir='ltr'>denominetur?</span> 
     </span>
    </p>

    <p class='ocr_par' dir='ltr' id='par_1_3' title="bbox 365 1100 1597 1779">
     <span class='ocr_line' id='line_1_5' title="bbox 417 1100 1597 1200; baseline 0.003 -26"><span class='ocrx_word' id='word_1_25' title='bbox 417 1102 501 1175; x_wconf 90' lang='lat' dir='ltr'>Non</span> <span class='ocrx_word' id='word_1_26' title='bbox 521 1100 723 1173; x_wconf 86' lang='lat' dir='ltr'>eruditione</span> <span class='ocrx_word' id='word_1_27' title='bbox 747 1112 890 1172; x_wconf 90' lang='lat' dir='ltr'>tantum</span> <span class='ocrx_word' id='word_1_28' title='bbox 923 1102 1114 1175; x_wconf 83' lang='lat' dir='ltr'>Celestina</span> <span class='ocrx_word' id='word_1_29' title='bbox 1145 1102 1402 1200; x_wconf 80' lang='lat' dir='ltr'>antiquitatem</span> <span class='ocrx_word' id='word_1_30' title='bbox 1433 1103 1597 1177; x_wconf 84' lang='lat' dir='ltr'>redolere</span> 
     </span>
     <span class='ocr_line' id='line_1_6' title="bbox 366 1214 1597 1317; baseline 0.002 -26"><span class='ocrx_word' id='word_1_31' title='bbox 366 1218 521 1291; x_wconf 91' lang='lat' dir='ltr'>videtur.</span> <span class='ocrx_word' id='word_1_32' title='bbox 540 1218 685 1301; x_wconf 88' lang='lat' dir='ltr'>Nonne,</span> <span class='ocrx_word' id='word_1_33' title='bbox 702 1220 738 1286; x_wconf 94' lang='lat' dir='ltr'>in</span> <span class='ocrx_word' id='word_1_34' title='bbox 753 1214 961 1288; x_wconf 90' lang='lat' dir='ltr'>universum</span> <span class='ocrx_word' id='word_1_35' title='bbox 979 1222 1193 1307; x_wconf 81' lang='lat' dir='ltr'>aestimanti,</span> <span class='ocrx_word' id='word_1_36' title='bbox 1214 1218 1597 1317; x_wconf 61' lang='lat' dir='ltr'>l1&#39;er11a21d0delt0jas</span> 
     </span>
     <span class='ocr_line' id='line_1_7' title="bbox 367 1330 1595 1433; baseline 0.003 -28"><span class='ocrx_word' id='word_1_37' title='bbox 367 1337 404 1405; x_wconf 89' lang='lat' dir='ltr'>in</span> <span class='ocrx_word' id='word_1_38' title='bbox 426 1334 590 1429; x_wconf 90' lang='lat' dir='ltr'>personis</span> <span class='ocrx_word' id='word_1_39' title='bbox 618 1330 803 1428; x_wconf 89' lang='lat' dir='ltr'>fingendis</span> <span class='ocrx_word' id='word_1_40' title='bbox 827 1330 949 1411; x_wconf 87' lang='lat' dir='ltr'>Plauti</span> <span class='ocrx_word' id='word_1_41' title='bbox 978 1346 1013 1403; x_wconf 90' lang='lat' dir='ltr'>et</span> <span class='ocrx_word' id='word_1_42' title='bbox 1043 1332 1205 1405; x_wconf 83' lang='lat' dir='ltr'>Terentii</span> <span class='ocrx_word' id='word_1_43' title='bbox 1229 1336 1384 1431; x_wconf 87' lang='lat' dir='ltr'>vestigia</span> <span class='ocrx_word' id='word_1_44' title='bbox 1403 1334 1595 1433; x_wconf 77' lang='lat' dir='ltr'>sequitur?</span> 
     </span>
     <span class='ocr_line' id='line_1_8' title="bbox 367 1445 1590 1548; baseline 0.002 -26"><span class='ocrx_word' id='word_1_45' title='bbox 367 1449 471 1541; x_wconf 84' lang='lat' dir='ltr'>Quas</span> <span class='ocrx_word' id='word_1_46' title='bbox 491 1452 589 1521; x_wconf 92' lang='lat' dir='ltr'>enim</span> <span class='ocrx_word' id='word_1_47' title='bbox 607 1445 780 1519; x_wconf 73' lang='lat' dir='ltr'>induxit?</span> <span class='ocrx_word' id='word_1_48' title='bbox 812 1446 969 1519; x_wconf 89' lang='lat' dir='ltr'>Ministri</span> <span class='ocrx_word' id='word_1_49' title='bbox 990 1452 1145 1543; x_wconf 90' lang='lat' dir='ltr'>primum</span> <span class='ocrx_word' id='word_1_50' title='bbox 1164 1465 1340 1545; x_wconf 86' lang='lat' dir='ltr'>apparent</span> <span class='ocrx_word' id='word_1_51' title='bbox 1368 1455 1445 1548; x_wconf 92' lang='lat' dir='ltr'>qui,</span> <span class='ocrx_word' id='word_1_52' title='bbox 1464 1454 1494 1523; x_wconf 91' lang='lat' dir='ltr'>si</span> <span class='ocrx_word' id='word_1_53' title='bbox 1513 1477 1590 1524; x_wconf 95' lang='lat' dir='ltr'>non</span> 
     </span>
     <span class='ocr_line' id='line_1_9' title="bbox 366 1564 1592 1664; baseline 0.001 -27"><span class='ocrx_word' id='word_1_54' title='bbox 366 1569 557 1663; x_wconf 92' lang='lat' dir='ltr'>antiquam</span> <span class='ocrx_word' id='word_1_55' title='bbox 577 1566 787 1635; x_wconf 86' lang='lat' dir='ltr'>servitutem</span> <span class='ocrx_word' id='word_1_56' title='bbox 813 1567 986 1649; x_wconf 89' lang='lat' dir='ltr'>serviant,</span> <span class='ocrx_word' id='word_1_57' title='bbox 1015 1590 1088 1636; x_wconf 93' lang='lat' dir='ltr'>non</span> <span class='ocrx_word' id='word_1_58' title='bbox 1105 1564 1211 1636; x_wconf 92' lang='lat' dir='ltr'>aliter</span> <span class='ocrx_word' id='word_1_59' title='bbox 1229 1590 1340 1663; x_wconf 87' lang='lat' dir='ltr'>quam</span> <span class='ocrx_word' id='word_1_60' title='bbox 1361 1566 1488 1639; x_wconf 86' lang='lat' dir='ltr'>Davus</span> <span class='ocrx_word' id='word_1_61' title='bbox 1509 1571 1592 1664; x_wconf 91' lang='lat' dir='ltr'>qui·</span> 
     </span>
     <span class='ocr_line' id='line_1_10' title="bbox 365 1679 1590 1779; baseline 0.003 -28"><span class='ocrx_word' id='word_1_62' title='bbox 365 1680 451 1753; x_wconf 92' lang='lat' dir='ltr'>dam</span> <span class='ocrx_word' id='word_1_63' title='bbox 470 1694 533 1755; x_wconf 92' lang='lat' dir='ltr'>aut</span> <span class='ocrx_word' id='word_1_64' title='bbox 561 1679 675 1779; x_wconf 88' lang='lat' dir='ltr'>Syrus</span> <span class='ocrx_word' id='word_1_65' title='bbox 704 1704 771 1750; x_wconf 88' lang='lat' dir='ltr'>nec</span> <span class='ocrx_word' id='word_1_66' title='bbox 802 1683 923 1751; x_wconf 92' lang='lat' dir='ltr'>minus</span> <span class='ocrx_word' id='word_1_67' title='bbox 947 1679 1056 1752; x_wconf 90' lang='lat' dir='ltr'>astuti</span> <span class='ocrx_word' id='word_1_68' title='bbox 1084 1693 1181 1754; x_wconf 90' lang='lat' dir='ltr'>sunt.</span> <span class='ocrx_word' id='word_1_69' title='bbox 1216 1682 1381 1774; x_wconf 84' lang='lat' dir='ltr'>Quorum</span> <span class='ocrx_word' id='word_1_70' title='bbox 1416 1681 1590 1755; x_wconf 92' lang='lat' dir='ltr'>dominus</span> 
     </span>
    </p>
   </div>
   <div class='ocr_carea' id='block_1_3' title="bbox 367 1796 1707 2006">
    <p class='ocr_par' dir='ltr' id='par_1_4' title="bbox 367 1796 1707 2006">
     <span class='ocr_line' id='line_1_11' title="bbox 367 1796 1707 1901; baseline -0.003 -29"><span class='ocrx_word' id='word_1_71' title='bbox 367 1796 514 1872; x_wconf 71' lang='lat' dir='ltr'>Calt‘sro</span> <span class='ocrx_word' id='word_1_72' title='bbox 551 1822 625 1869; x_wconf 92' lang='lat' dir='ltr'>non</span> <span class='ocrx_word' id='word_1_73' title='bbox 663 1798 782 1891; x_wconf 89' lang='lat' dir='ltr'>magis</span> <span class='ocrx_word' id='word_1_74' title='bbox 823 1799 937 1867; x_wconf 91' lang='lat' dir='ltr'>amori</span> <span class='ocrx_word' id='word_1_75' title='bbox 966 1820 1101 1891; x_wconf 91' lang='lat' dir='ltr'>pronus</span> <span class='ocrx_word' id='word_1_76' title='bbox 1137 1810 1192 1869; x_wconf 92' lang='lat' dir='ltr'>est</span> <span class='ocrx_word' id='word_1_77' title='bbox 1227 1823 1336 1895; x_wconf 86' lang='lat' dir='ltr'>quarn</span> <span class='ocrx_word' id='word_1_78' title='bbox 1374 1798 1590 1873; x_wconf 88' lang='lat' dir='ltr'>Terentiani</span> <span class='ocrx_word' id='word_1_79' title='bbox 1702 1894 1707 1901; x_wconf 16' lang='lat' dir='ltr'>q</span> 
     </span>
     <span class='ocr_line' id='line_1_12' title="bbox 367 1909 1698 2006; baseline -0.001 -20"><span class='ocrx_word' id='word_1_80' title='bbox 367 1912 565 1987; x_wconf 87' lang='lat' dir='ltr'>AEschines</span> <span class='ocrx_word' id='word_1_81' title='bbox 598 1928 633 1984; x_wconf 92' lang='lat' dir='ltr'>et</span> <span class='ocrx_word' id='word_1_82' title='bbox 663 1909 877 2006; x_wconf 91' lang='lat' dir='ltr'>Ctesiphon.</span> <span class='ocrx_word' id='word_1_83' title='bbox 901 1911 1001 2003; x_wconf 84' lang='lat' dir='ltr'>Quid</span> <span class='ocrx_word' id='word_1_84' title='bbox 1035 1911 1079 1985; x_wconf 92' lang='lat' dir='ltr'>de</span> <span class='ocrx_word' id='word_1_85' title='bbox 1097 1910 1211 1987; x_wconf 87' lang='lat' dir='ltr'>Elicia</span> <span class='ocrx_word' id='word_1_86' title='bbox 1245 1926 1280 1985; x_wconf 92' lang='lat' dir='ltr'>et</span> <span class='ocrx_word' id='word_1_87' title='bbox 1308 1913 1444 1985; x_wconf 87' lang='lat' dir='ltr'>Areusa</span> <span class='ocrx_word' id='word_1_88' title='bbox 1465 1927 1527 1987; x_wconf 89' lang='lat' dir='ltr'>aut</span> <span class='ocrx_word' id='word_1_89' title='bbox 1546 1914 1592 1986; x_wconf 91' lang='lat' dir='ltr'>de</span> <span class='ocrx_word' id='word_1_90' title='bbox 1692 1957 1698 1970; x_wconf 94' lang='lat'>·</span> 
     </span>
    </p>
   </div>
   <div class='ocr_carea' id='block_1_4' title="bbox 363 2024 1599 4921">
    <p class='ocr_par' dir='ltr' id='par_1_5' title="bbox 363 2024 1599 4921">
     <span class='ocr_line' id='line_1_13' title="bbox 366 2024 1591 2127; baseline 0 -24"><span class='ocrx_word' id='word_1_91' title='bbox 366 2028 554 2104; x_wconf 88' lang='lat' dir='ltr'>Celestina</span> <span class='ocrx_word' id='word_1_92' title='bbox 582 2026 684 2100; x_wconf 91' lang='lat' dir='ltr'>dicas</span> <span class='ocrx_word' id='word_1_93' title='bbox 713 2030 783 2099; x_wconf 93' lang='lat' dir='ltr'>nisi</span> <span class='ocrx_word' id='word_1_94' title='bbox 805 2024 887 2099; x_wconf 94' lang='lat' dir='ltr'>illas</span> <span class='ocrx_word' id='word_1_95' title='bbox 907 2027 1104 2101; x_wconf 86' lang='lat' dir='ltr'>latinarum</span> <span class='ocrx_word' id='word_1_96' title='bbox 1137 2030 1363 2101; x_wconf 87' lang='lat' dir='ltr'>meretricum</span> <span class='ocrx_word' id='word_1_97' title='bbox 1389 2031 1591 2127; x_wconf 88' lang='lat' dir='ltr'>imaginem</span> 
     </span>
     <span class='ocr_line' id='line_1_14' title="bbox 365 2142 1591 2240; baseline 0 -22"><span class='ocrx_word' id='word_1_98' title='bbox 365 2146 504 2233; x_wconf 87' lang='lat' dir='ltr'>relerre,</span> <span class='ocrx_word' id='word_1_99' title='bbox 523 2144 620 2216; x_wconf 90' lang='lat' dir='ltr'>hanc</span> <span class='ocrx_word' id='word_1_100' title='bbox 631 2156 752 2216; x_wconf 91' lang='lat' dir='ltr'>autem</span> <span class='ocrx_word' id='word_1_101' title='bbox 771 2168 793 2215; x_wconf 89' lang='lat' dir='ltr'>a</span> <span class='ocrx_word' id='word_1_102' title='bbox 808 2142 983 2240; x_wconf 88' lang='lat' dir='ltr'>Propertii</span> <span class='ocrx_word' id='word_1_103' title='bbox 1000 2156 1065 2216; x_wconf 93' lang='lat' dir='ltr'>ant</span> <span class='ocrx_word' id='word_1_104' title='bbox 1081 2145 1206 2219; x_wconf 87' lang='lat' dir='ltr'>Ovidii</span> <span class='ocrx_word' id='word_1_105' title='bbox 1223 2144 1309 2218; x_wconf 89' lang='lat' dir='ltr'>lena</span> <span class='ocrx_word' id='word_1_106' title='bbox 1323 2143 1421 2218; x_wconf 89' lang='lat' dir='ltr'>haud</span> <span class='ocrx_word' id='word_1_107' title='bbox 1437 2144 1591 2219; x_wconf 90' lang='lat' dir='ltr'>multum</span> 
     </span>
     <span class='ocr_line' id='line_1_15' title="bbox 366 2258 1589 2357; baseline 0.002 -25"><span class='ocrx_word' id='word_1_108' title='bbox 366 2260 584 2334; x_wconf 72' lang='lat' dir='ltr'>dissentire?</span> <span class='ocrx_word' id='word_1_109' title='bbox 620 2258 796 2331; x_wconf 89' lang='lat' dir='ltr'>Fabulam</span> <span class='ocrx_word' id='word_1_110' title='bbox 830 2262 940 2331; x_wconf 89' lang='lat' dir='ltr'>etiam</span> <span class='ocrx_word' id='word_1_111' title='bbox 975 2264 1014 2332; x_wconf 92' lang='lat' dir='ltr'>in</span> <span class='ocrx_word' id='word_1_112' title='bbox 1045 2286 1118 2357; x_wconf 91' lang='lat' dir='ltr'>qua</span> <span class='ocrx_word' id='word_1_113' title='bbox 1148 2260 1233 2334; x_wconf 88' lang='lat' dir='ltr'>aliae</span> <span class='ocrx_word' id='word_1_114' title='bbox 1267 2259 1350 2333; x_wconf 93' lang='lat' dir='ltr'>aliis</span> <span class='ocrx_word' id='word_1_115' title='bbox 1387 2261 1589 2334; x_wconf 84' lang='lat' dir='ltr'>obveniunt</span> 
     </span>
     <span class='ocr_line' id='line_1_16' title="bbox 367 2372 1599 2473; baseline 0 -22"><span class='ocrx_word' id='word_1_116' title='bbox 367 2404 490 2452; x_wconf 93' lang='lat' dir='ltr'>nonne</span> <span class='ocrx_word' id='word_1_117' title='bbox 522 2374 588 2449; x_wconf 92' lang='lat' dir='ltr'>tibi</span> <span class='ocrx_word' id='word_1_118' title='bbox 625 2374 712 2472; x_wconf 88' lang='lat' dir='ltr'>jam,</span> <span class='ocrx_word' id='word_1_119' title='bbox 745 2372 830 2446; x_wconf 90' lang='lat' dir='ltr'>dum</span> <span class='ocrx_word' id='word_1_120' title='bbox 866 2378 903 2446; x_wconf 93' lang='lat' dir='ltr'>in</span> <span class='ocrx_word' id='word_1_121' title='bbox 941 2373 1078 2448; x_wconf 71' lang='lat' dir='ltr'>scholis·</span> <span class='ocrx_word' id='word_1_122' title='bbox 1110 2376 1227 2464; x_wconf 91' lang='lat' dir='ltr'>sedes,</span> <span class='ocrx_word' id='word_1_123' title='bbox 1257 2376 1391 2473; x_wconf 86' lang='lat' dir='ltr'>legisse</span> <span class='ocrx_word' id='word_1_124' title='bbox 1426 2377 1599 2451; x_wconf 76' lang='lat' dir='ltr'>viderisi·</span> 
     </span>
     <span class='ocr_line' id='line_1_17' title="bbox 365 2490 1587 2590; baseline 0 -24"><span class='ocrx_word' id='word_1_125' title='bbox 365 2492 538 2583; x_wconf 88' lang='lat' dir='ltr'>Melibea,</span> <span class='ocrx_word' id='word_1_126' title='bbox 562 2490 688 2577; x_wconf 88' lang='lat' dir='ltr'>lateor,</span> <span class='ocrx_word' id='word_1_127' title='bbox 711 2516 784 2562; x_wconf 93' lang='lat' dir='ltr'>non</span> <span class='ocrx_word' id='word_1_128' title='bbox 805 2516 849 2562; x_wconf 89' lang='lat' dir='ltr'>ea</span> <span class='ocrx_word' id='word_1_129' title='bbox 868 2503 923 2564; x_wconf 89' lang='lat' dir='ltr'>est</span> <span class='ocrx_word' id='word_1_130' title='bbox 943 2517 1028 2589; x_wconf 82' lang='lat' dir='ltr'>quae</span> <span class='ocrx_word' id='word_1_131' title='bbox 1048 2495 1163 2588; x_wconf 92' lang='lat' dir='ltr'>pretio</span> <span class='ocrx_word' id='word_1_132' title='bbox 1184 2492 1324 2564; x_wconf 88' lang='lat' dir='ltr'>venalis</span> <span class='ocrx_word' id='word_1_133' title='bbox 1347 2516 1429 2566; x_wconf 88' lang='lat' dir='ltr'>esse</span> <span class='ocrx_word' id='word_1_134' title='bbox 1449 2498 1587 2590; x_wconf 74' lang='lat' dir='ltr'>possit,</span> 
     </span>
     <span class='ocr_line' id='line_1_18' title="bbox 365 2607 1585 2705; baseline -0.001 -23"><span class='ocrx_word' id='word_1_135' title='bbox 365 2634 411 2683; x_wconf 87' lang='lat' dir='ltr'>ea</span> <span class='ocrx_word' id='word_1_136' title='bbox 423 2623 546 2681; x_wconf 91' lang='lat' dir='ltr'>tamen</span> <span class='ocrx_word' id='word_1_137' title='bbox 562 2619 615 2679; x_wconf 91' lang='lat' dir='ltr'>est</span> <span class='ocrx_word' id='word_1_138' title='bbox 640 2632 726 2704; x_wconf 82' lang='lat' dir='ltr'>quae</span> <span class='ocrx_word' id='word_1_139' title='bbox 746 2630 895 2701; x_wconf 90' lang='lat' dir='ltr'>corpore</span> <span class='ocrx_word' id='word_1_140' title='bbox 916 2632 989 2679; x_wconf 93' lang='lat' dir='ltr'>non</span> <span class='ocrx_word' id='word_1_141' title='bbox 1011 2620 1194 2705; x_wconf 86' lang='lat' dir='ltr'>quaestum</span> <span class='ocrx_word' id='word_1_142' title='bbox 1215 2608 1279 2681; x_wconf 91' lang='lat' dir='ltr'>sed</span> <span class='ocrx_word' id='word_1_143' title='bbox 1294 2607 1434 2681; x_wconf 91' lang='lat' dir='ltr'>donum</span> <span class='ocrx_word' id='word_1_144' title='bbox 1461 2607 1585 2697; x_wconf 88' lang='lat' dir='ltr'>iaciat,</span> 
     </span>
     <span class='ocr_line' id='line_1_19' title="bbox 367 2721 1589 2825; baseline -0.001 -26"><span class='ocrx_word' id='word_1_145' title='bbox 367 2750 434 2799; x_wconf 90' lang='lat' dir='ltr'>nec</span> <span class='ocrx_word' id='word_1_146' title='bbox 454 2734 642 2818; x_wconf 89' lang='lat' dir='ltr'>tantopere</span> <span class='ocrx_word' id='word_1_147' title='bbox 671 2721 954 2795; x_wconf 88' lang='lat' dir='ltr'>aservientibus</span> <span class='ocrx_word' id='word_1_148' title='bbox 983 2721 1114 2819; x_wconf 92' lang='lat' dir='ltr'>puellis</span> <span class='ocrx_word' id='word_1_149' title='bbox 1147 2722 1266 2797; x_wconf 85' lang='lat' dir='ltr'>diflert</span> <span class='ocrx_word' id='word_1_150' title='bbox 1286 2749 1372 2821; x_wconf 85' lang='lat' dir='ltr'>quae</span> <span class='ocrx_word' id='word_1_151' title='bbox 1406 2738 1589 2825; x_wconf 89' lang='lat' dir='ltr'>postremo</span> 
     </span>
     <span class='ocr_line' id='line_1_20' title="bbox 364 2837 1588 2940; baseline -0.002 -25"><span class='ocrx_word' id='word_1_152' title='bbox 364 2839 463 2938; x_wconf 93' lang='lat' dir='ltr'>apud</span> <span class='ocrx_word' id='word_1_153' title='bbox 481 2837 652 2913; x_wconf 88' lang='lat' dir='ltr'>Plautum</span> <span class='ocrx_word' id='word_1_154' title='bbox 667 2851 729 2911; x_wconf 90' lang='lat' dir='ltr'>aut</span> <span class='ocrx_word' id='word_1_155' title='bbox 746 2838 961 2913; x_wconf 89' lang='lat' dir='ltr'>Terentium</span> <span class='ocrx_word' id='word_1_156' title='bbox 981 2842 1155 2937; x_wconf 67' lang='lat' dir='ltr'>ingenuae</span> <span class='ocrx_word' id='word_1_157' title='bbox 1185 2838 1423 2939; x_wconf 88' lang='lat' dir='ltr'>reperiuntur.</span> <span class='ocrx_word' id='word_1_158' title='bbox 1447 2839 1489 2913; x_wconf 87' lang='lat' dir='ltr'>Si</span> <span class='ocrx_word' id='word_1_159' title='bbox 1509 2845 1588 2940; x_wconf 92' lang='lat' dir='ltr'>qui·</span> 
     </span>
     <span class='ocr_line' id='line_1_21' title="bbox 364 2954 1585 3054; baseline -0.001 -24"><span class='ocrx_word' id='word_1_160' title='bbox 364 2957 461 3043; x_wconf 90' lang='lat' dir='ltr'>dem,</span> <span class='ocrx_word' id='word_1_161' title='bbox 483 2970 521 3029; x_wconf 91' lang='lat' dir='ltr'>ut</span> <span class='ocrx_word' id='word_1_162' title='bbox 542 2980 648 3028; x_wconf 87' lang='lat' dir='ltr'>senes</span> <span class='ocrx_word' id='word_1_163' title='bbox 676 2958 738 3054; x_wconf 91' lang='lat' dir='ltr'>qui</span> <span class='ocrx_word' id='word_1_164' title='bbox 764 2954 948 3029; x_wconf 85' lang='lat' dir='ltr'>Romanae</span> <span class='ocrx_word' id='word_1_165' title='bbox 977 2982 1102 3030; x_wconf 85' lang='lat' dir='ltr'>caveae</span> <span class='ocrx_word' id='word_1_166' title='bbox 1133 2956 1336 3031; x_wconf 90' lang='lat' dir='ltr'>cachinnos</span> <span class='ocrx_word' id='word_1_167' title='bbox 1371 2955 1585 3046; x_wconf 88' lang='lat' dir='ltr'>movebant,</span> 
     </span>
     <span class='ocr_line' id='line_1_22' title="bbox 366 3070 1591 3171; baseline -0.005 -22"><span class='ocrx_word' id='word_1_168' title='bbox 366 3072 496 3149; x_wconf 87' lang='lat' dir='ltr'>Calisti</span> <span class='ocrx_word' id='word_1_169' title='bbox 517 3083 620 3171; x_wconf 90' lang='lat' dir='ltr'>pater</span> <span class='ocrx_word' id='word_1_170' title='bbox 643 3095 719 3143; x_wconf 93' lang='lat' dir='ltr'>non</span> <span class='ocrx_word' id='word_1_171' title='bbox 739 3070 916 3168; x_wconf 91' lang='lat' dir='ltr'>decipitur</span> <span class='ocrx_word' id='word_1_172' title='bbox 934 3076 1023 3169; x_wconf 88' lang='lat' dir='ltr'>quia</span> <span class='ocrx_word' id='word_1_173' title='bbox 1041 3070 1114 3169; x_wconf 89' lang='lat' dir='ltr'>jam</span> <span class='ocrx_word' id='word_1_174' title='bbox 1130 3099 1150 3145; x_wconf 93' lang='lat' dir='ltr'>e</span> <span class='ocrx_word' id='word_1_175' title='bbox 1169 3072 1244 3146; x_wconf 91' lang='lat' dir='ltr'>vita</span> <span class='ocrx_word' id='word_1_176' title='bbox 1260 3071 1441 3158; x_wconf 87' lang='lat' dir='ltr'>discessit,</span> <span class='ocrx_word' id='word_1_177' title='bbox 1469 3074 1591 3144; x_wconf 92' lang='lat' dir='ltr'>tristes</span> 
     </span>
     <span class='ocr_line' id='line_1_23' title="bbox 364 3186 1590 3287; baseline -0.006 -21"><span class='ocrx_word' id='word_1_178' title='bbox 364 3190 441 3287; x_wconf 88' lang='lat' dir='ltr'>ejus</span> <span class='ocrx_word' id='word_1_179' title='bbox 460 3204 579 3287; x_wconf 90' lang='lat' dir='ltr'>partes</span> <span class='ocrx_word' id='word_1_180' title='bbox 594 3200 629 3260; x_wconf 92' lang='lat' dir='ltr'>et</span> <span class='ocrx_word' id='word_1_181' title='bbox 648 3190 822 3260; x_wconf 91' lang='lat' dir='ltr'>tristiores</span> <span class='ocrx_word' id='word_1_182' title='bbox 834 3191 946 3259; x_wconf 92' lang='lat' dir='ltr'>etiam</span> <span class='ocrx_word' id='word_1_183' title='bbox 967 3187 1141 3262; x_wconf 86' lang='lat' dir='ltr'>Melibeae</span> <span class='ocrx_word' id='word_1_184' title='bbox 1162 3203 1342 3285; x_wconf 78' lang='lat' dir='ltr'>parenteS,</span> <span class='ocrx_word' id='word_1_185' title='bbox 1365 3186 1536 3261; x_wconf 82' lang='lat' dir='ltr'>Pleberio</span> <span class='ocrx_word' id='word_1_186' title='bbox 1552 3196 1590 3259; x_wconf 81' lang='lat' dir='ltr'>‘et</span> 
     </span>
     <span class='ocr_line' id='line_1_24' title="bbox 363 3302 1588 3407; baseline -0.005 -26"><span class='ocrx_word' id='word_1_187' title='bbox 363 3307 476 3382; x_wconf 74' lang='lat' dir='ltr'>Alica</span> <span class='ocrx_word' id='word_1_188' title='bbox 504 3319 631 3402; x_wconf 88' lang='lat' dir='ltr'>agunt.</span> <span class='ocrx_word' id='word_1_189' title='bbox 656 3304 749 3377; x_wconf 90' lang='lat' dir='ltr'>Cum</span> <span class='ocrx_word' id='word_1_190' title='bbox 770 3302 942 3403; x_wconf 91' lang='lat' dir='ltr'>denique,</span> <span class='ocrx_word' id='word_1_191' title='bbox 966 3329 1191 3402; x_wconf 88' lang='lat' dir='ltr'>quamquam</span> <span class='ocrx_word' id='word_1_192' title='bbox 1206 3331 1280 3377; x_wconf 91' lang='lat' dir='ltr'>non</span> <span class='ocrx_word' id='word_1_193' title='bbox 1306 3318 1380 3378; x_wconf 93' lang='lat' dir='ltr'>tam</span> <span class='ocrx_word' id='word_1_194' title='bbox 1404 3328 1588 3407; x_wconf 82' lang='lat' dir='ltr'>servorum</span> 
     </span>
     <span class='ocr_line' id='line_1_25' title="bbox 365 3418 1587 3521; baseline -0.003 -25"><span class='ocrx_word' id='word_1_195' title='bbox 365 3422 440 3496; x_wconf 93' lang='lat' dir='ltr'>doli</span> <span class='ocrx_word' id='word_1_196' title='bbox 461 3447 569 3521; x_wconf 91' lang='lat' dir='ltr'>quam</span> <span class='ocrx_word' id='word_1_197' title='bbox 591 3418 687 3493; x_wconf 87' lang='lat' dir='ltr'>lenae</span> <span class='ocrx_word' id='word_1_198' title='bbox 721 3418 875 3493; x_wconf 86' lang='lat' dir='ltr'>artificia</span> <span class='ocrx_word' id='word_1_199' title='bbox 904 3418 1057 3493; x_wconf 89' lang='lat' dir='ltr'>clariore</span> <span class='ocrx_word' id='word_1_200' title='bbox 1077 3419 1157 3494; x_wconf 91' lang='lat' dir='ltr'>luce</span> <span class='ocrx_word' id='word_1_201' title='bbox 1177 3434 1366 3518; x_wconf 88' lang='lat' dir='ltr'>apparent,</span> <span class='ocrx_word' id='word_1_202' title='bbox 1391 3420 1436 3495; x_wconf 92' lang='lat' dir='ltr'>de</span> <span class='ocrx_word' id='word_1_203' title='bbox 1454 3420 1587 3518; x_wconf 88' lang='lat' dir='ltr'>juvene</span> 
     </span>
     <span class='ocr_line' id='line_1_26' title="bbox 365 3534 1588 3637; baseline -0.006 -23"><span class='ocrx_word' id='word_1_204' title='bbox 365 3564 506 3635; x_wconf 90' lang='lat' dir='ltr'>semper</span> <span class='ocrx_word' id='word_1_205' title='bbox 520 3550 651 3637; x_wconf 85' lang='lat' dir='ltr'>agatur</span> <span class='ocrx_word' id='word_1_206' title='bbox 666 3538 741 3633; x_wconf 91' lang='lat' dir='ltr'>qui,</span> <span class='ocrx_word' id='word_1_207' title='bbox 762 3548 800 3608; x_wconf 90' lang='lat' dir='ltr'>ut</span> <span class='ocrx_word' id='word_1_208' title='bbox 815 3534 949 3632; x_wconf 73' lang='lat' dir='ltr'>puellae</span> <span class='ocrx_word' id='word_1_209' title='bbox 965 3562 1088 3610; x_wconf 91' lang='lat' dir='ltr'>amore</span> <span class='ocrx_word' id='word_1_210' title='bbox 1101 3537 1249 3627; x_wconf 89' lang='lat' dir='ltr'>lruatur,</span> <span class='ocrx_word' id='word_1_211' title='bbox 1270 3535 1449 3634; x_wconf 84' lang='lat' dir='ltr'>ignobilia</span> <span class='ocrx_word' id='word_1_212' title='bbox 1462 3538 1588 3608; x_wconf 90' lang='lat' dir='ltr'>minis·</span> 
     </span>
     <span class='ocr_line' id='line_1_27' title="bbox 364 3651 1587 3751; baseline -0.004 -21"><span class='ocrx_word' id='word_1_213' title='bbox 364 3658 455 3730; x_wconf 90' lang='lat' dir='ltr'>teria</span> <span class='ocrx_word' id='word_1_214' title='bbox 475 3652 637 3744; x_wconf 90' lang='lat' dir='ltr'>adhibet,</span> <span class='ocrx_word' id='word_1_215' title='bbox 660 3651 748 3751; x_wconf 93' lang='lat' dir='ltr'>quid</span> <span class='ocrx_word' id='word_1_216' title='bbox 774 3678 818 3725; x_wconf 89' lang='lat' dir='ltr'>ex</span> <span class='ocrx_word' id='word_1_217' title='bbox 849 3651 906 3724; x_wconf 93' lang='lat' dir='ltr'>his</span> <span class='ocrx_word' id='word_1_218' title='bbox 930 3669 1079 3749; x_wconf 90' lang='lat' dir='ltr'>apparet</span> <span class='ocrx_word' id='word_1_219' title='bbox 1107 3652 1174 3726; x_wconf 90' lang='lat' dir='ltr'>nisi</span> <span class='ocrx_word' id='word_1_220' title='bbox 1195 3658 1289 3726; x_wconf 89' lang='lat' dir='ltr'>etin</span> <span class='ocrx_word' id='word_1_221' title='bbox 1311 3656 1476 3751; x_wconf 90' lang='lat' dir='ltr'>personis</span> <span class='ocrx_word' id='word_1_222' title='bbox 1495 3651 1587 3749; x_wconf 83' lang='lat' dir='ltr'>figu-</span> 
     </span>
     <span class='ocr_line' id='line_1_28' title="bbox 365 3765 1588 3867; baseline -0.002 -25"><span class='ocrx_word' id='word_1_223' title='bbox 365 3770 489 3843; x_wconf 85' lang='lat' dir='ltr'>randis</span> <span class='ocrx_word' id='word_1_224' title='bbox 507 3782 542 3843; x_wconf 91' lang='lat' dir='ltr'>et</span> <span class='ocrx_word' id='word_1_225' title='bbox 561 3768 598 3840; x_wconf 93' lang='lat' dir='ltr'>in</span> <span class='ocrx_word' id='word_1_226' title='bbox 619 3766 744 3842; x_wconf 79' lang='lat' dir='ltr'>fabula</span> <span class='ocrx_word' id='word_1_227' title='bbox 763 3765 983 3863; x_wconf 87' lang='lat' dir='ltr'>explicanda</span> <span class='ocrx_word' id='word_1_228' title='bbox 998 3768 1046 3839; x_wconf 94' lang='lat' dir='ltr'>ab</span> <span class='ocrx_word' id='word_1_229' title='bbox 1072 3772 1236 3867; x_wconf 87' lang='lat' dir='ltr'>antiquae</span> <span class='ocrx_word' id='word_1_230' title='bbox 1253 3767 1448 3842; x_wconf 83' lang='lat' dir='ltr'>comoediae</span> <span class='ocrx_word' id='word_1_231' title='bbox 1470 3767 1588 3866; x_wconf 88' lang='lat' dir='ltr'>poetis</span> 
     </span>
     <span class='ocr_line' id='line_1_29' title="bbox 365 3881 1481 3982; baseline -0.004 -22"><span class='ocrx_word' id='word_1_232' title='bbox 365 3902 400 3960; x_wconf 91' lang='lat' dir='ltr'>et</span> <span class='ocrx_word' id='word_1_233' title='bbox 416 3884 569 3961; x_wconf 80' lang='lat' dir='ltr'>lorm&#39;am</span> <span class='ocrx_word' id='word_1_234' title='bbox 580 3898 615 3957; x_wconf 93' lang='lat' dir='ltr'>et</span> <span class='ocrx_word' id='word_1_235' title='bbox 631 3888 819 3957; x_wconf 81' lang='lat' dir='ltr'>materiam</span> <span class='ocrx_word' id='word_1_236' title='bbox 840 3881 958 3982; x_wconf 83' lang='lat' dir='ltr'>Rojas</span> <span class='ocrx_word' id='word_1_237' title='bbox 979 3897 1139 3957; x_wconf 91' lang='lat' dir='ltr'>nostrum</span> <span class='ocrx_word' id='word_1_238' title='bbox 1162 3897 1364 3958; x_wconf 88' lang='lat' dir='ltr'>mutuatum</span> <span class='ocrx_word' id='word_1_239' title='bbox 1376 3884 1481 3956; x_wconf 75' lang='lat' dir='ltr'>esse?</span> 
     </span>
     <span class='ocr_line' id='line_1_30' title="bbox 414 3998 1591 4099; baseline -0.004 -24"><span class='ocrx_word' id='word_1_240' title='bbox 414 4001 524 4097; x_wconf 84' lang='lat' dir='ltr'>Quod</span> <span class='ocrx_word' id='word_1_241' title='bbox 545 4005 574 4075; x_wconf 94' lang='lat' dir='ltr'>si</span> <span class='ocrx_word' id='word_1_242' title='bbox 595 3998 661 4073; x_wconf 90' lang='lat' dir='ltr'>tibi</span> <span class='ocrx_word' id='word_1_243' title='bbox 682 3998 1066 4098; x_wconf 90' lang='lat' dir='ltr'>persuasumhaberes</span> <span class='ocrx_word' id='word_1_244' title='bbox 1094 4000 1205 4099; x_wconf 89' lang='lat' dir='ltr'>longe</span> <span class='ocrx_word' id='word_1_245' title='bbox 1225 3999 1374 4074; x_wconf 91' lang='lat' dir='ltr'>abesses</span> <span class='ocrx_word' id='word_1_246' title='bbox 1389 4010 1428 4070; x_wconf 91' lang='lat' dir='ltr'>ut</span> <span class='ocrx_word' id='word_1_247' title='bbox 1443 4022 1528 4096; x_wconf 87' lang='lat' dir='ltr'>quae</span> <span class='ocrx_word' id='word_1_248' title='bbox 1543 4000 1591 4070; x_wconf 88' lang='lat' dir='ltr'>sit</span> 
     </span>
     <span class='ocr_line' id='line_1_31' title="bbox 363 4110 1584 4216; baseline -0.008 -22"><span class='ocrx_word' id='word_1_249' title='bbox 363 4118 663 4216; x_wconf 87' lang='lat' dir='ltr'>Tragicomoedia</span> <span class='ocrx_word' id='word_1_250' title='bbox 685 4110 736 4189; x_wconf 83' lang='lat' dir='ltr'>de¹</span> <span class='ocrx_word' id='word_1_251' title='bbox 758 4113 905 4192; x_wconf 81' lang='lat' dir='ltr'>Calisto</span> <span class='ocrx_word' id='word_1_252' title='bbox 926 4142 958 4215; x_wconf 83' lang='lat' dir='ltr'><em>y</em></span> <span class='ocrx_word' id='word_1_253' title='bbox 989 4115 1158 4204; x_wconf 80' lang='lat' dir='ltr'>Melr&#39;bea,</span> <span class='ocrx_word' id='word_1_254' title='bbox 1193 4130 1229 4189; x_wconf 90' lang='lat' dir='ltr'>et</span> <span class='ocrx_word' id='word_1_255' title='bbox 1261 4116 1363 4215; x_wconf 85' lang='lat' dir='ltr'>cujus</span> <span class='ocrx_word' id='word_1_256' title='bbox 1397 4116 1584 4200; x_wconf 86' lang='lat' dir='ltr'>momenti,</span> 
     </span>
     <span class='ocr_line' id='line_1_32' title="bbox 363 4230 1590 4329; baseline -0.007 -18"><span class='ocrx_word' id='word_1_257' title='bbox 363 4248 494 4312; x_wconf 89' lang='lat' dir='ltr'>exacto</span> <span class='ocrx_word' id='word_1_258' title='bbox 530 4246 566 4308; x_wconf 93' lang='lat' dir='ltr'>et</span> <span class='ocrx_word' id='word_1_259' title='bbox 599 4231 761 4307; x_wconf 92' lang='lat' dir='ltr'>dilucido</span> <span class='ocrx_word' id='word_1_260' title='bbox 781 4230 889 4306; x_wconf 93' lang='lat' dir='ltr'>modo</span> <span class='ocrx_word' id='word_1_261' title='bbox 923 4230 1160 4329; x_wconf 85' lang='lat' dir='ltr'>intelligeres.</span> <span class='ocrx_word' id='word_1_262' title='bbox 1185 4230 1242 4305; x_wconf 90' lang='lat' dir='ltr'>Ad</span> <span class='ocrx_word' id='word_1_263' title='bbox 1269 4236 1368 4306; x_wconf 91' lang='lat' dir='ltr'>enim</span> <span class='ocrx_word' id='word_1_264' title='bbox 1399 4230 1520 4305; x_wconf 90' lang='lat' dir='ltr'>Plauti</span> <span class='ocrx_word' id='word_1_265' title='bbox 1554 4244 1590 4303; x_wconf 92' lang='lat' dir='ltr'>et</span> 
     </span>
     <span class='ocr_line' id='line_1_33' title="bbox 364 4345 1587 4445; baseline -0.008 -17"><span class='ocrx_word' id='word_1_266' title='bbox 364 4353 526 4428; x_wconf 85' lang='lat' dir='ltr'>Terentii</span> <span class='ocrx_word' id='word_1_267' title='bbox 547 4350 759 4426; x_wconf 91' lang='lat' dir='ltr'>memoriam</span> <span class='ocrx_word' id='word_1_268' title='bbox 772 4349 810 4422; x_wconf 92' lang='lat' dir='ltr'>in</span> <span class='ocrx_word' id='word_1_269' title='bbox 823 4360 925 4421; x_wconf 90' lang='lat' dir='ltr'>tuum</span> <span class='ocrx_word' id='word_1_270' title='bbox 941 4347 1186 4423; x_wconf 89' lang='lat' dir='ltr'>revocandum</span> <span class='ocrx_word' id='word_1_271' title='bbox 1201 4348 1375 4436; x_wconf 91' lang='lat' dir='ltr'>animum,</span> <span class='ocrx_word' id='word_1_272' title='bbox 1397 4345 1486 4419; x_wconf 91' lang='lat' dir='ltr'>mihi</span> <span class='ocrx_word' id='word_1_273' title='bbox 1501 4370 1587 4445; x_wconf 88' lang='lat' dir='ltr'>quae</span> 
     </span>
     <span class='ocr_line' id='line_1_34' title="bbox 364 4463 1589 4568; baseline -0.007 -25"><span class='ocrx_word' id='word_1_274' title='bbox 364 4470 621 4568; x_wconf 89' lang='lat' dir='ltr'>antiquitatem</span> <span class='ocrx_word' id='word_1_275' title='bbox 650 4465 854 4542; x_wconf 88' lang='lat' dir='ltr'>redolerent</span> <span class='ocrx_word' id='word_1_276' title='bbox 884 4463 1065 4539; x_wconf 90' lang='lat' dir='ltr'>subtiliter</span> <span class='ocrx_word' id='word_1_277' title='bbox 1092 4463 1310 4565; x_wconf 93' lang='lat' dir='ltr'>dispiciendi</span> <span class='ocrx_word' id='word_1_278' title='bbox 1340 4489 1430 4563; x_wconf 87' lang='lat' dir='ltr'>opus</span> <span class='ocrx_word' id='word_1_279' title='bbox 1459 4463 1527 4537; x_wconf 85' lang='lat' dir='ltr'>luit</span> <span class='ocrx_word' id='word_1_280' title='bbox 1553 4474 1589 4535; x_wconf 92' lang='lat' dir='ltr'>et</span> 
     </span>
     <span class='ocr_line' id='line_1_35' title="bbox 363 4580 1588 4681; baseline -0.009 -19"><span class='ocrx_word' id='word_1_281' title='bbox 363 4590 475 4662; x_wconf 89' lang='lat' dir='ltr'>etiam</span> <span class='ocrx_word' id='word_1_282' title='bbox 512 4585 671 4660; x_wconf 90' lang='lat' dir='ltr'>dicendo</span> <span class='ocrx_word' id='word_1_283' title='bbox 705 4581 967 4681; x_wconf 87' lang='lat' dir='ltr'>amplificandi.</span> <span class='ocrx_word' id='word_1_284' title='bbox 1002 4580 1044 4654; x_wconf 92' lang='lat' dir='ltr'>Si</span> <span class='ocrx_word' id='word_1_285' title='bbox 1073 4596 1200 4657; x_wconf 89' lang='lat' dir='ltr'>contra</span> <span class='ocrx_word' id='word_1_286' title='bbox 1232 4586 1350 4657; x_wconf 91' lang='lat' dir='ltr'>verius</span> <span class='ocrx_word' id='word_1_287' title='bbox 1387 4580 1588 4680; x_wconf 86' lang='lat' dir='ltr'>dijudicare</span> 
     </span>
     <span class='ocr_line' id='line_1_36' title="bbox 363 4694 1586 4803; baseline -0.008 -27"><span class='ocrx_word' id='word_1_288' title='bbox 363 4704 586 4803; x_wconf 90' lang='lat' dir='ltr'>propositum</span> <span class='ocrx_word' id='word_1_289' title='bbox 607 4700 786 4789; x_wconf 70' lang='lat' dir='ltr'>habueris</span> <span class='ocrx_word' id='word_1_290' title='bbox 816 4698 1134 4796; x_wconf 89' lang='lat' dir='ltr'>conlusaprimum</span> <span class='ocrx_word' id='word_1_291' title='bbox 1150 4710 1186 4773; x_wconf 91' lang='lat' dir='ltr'>et</span> <span class='ocrx_word' id='word_1_292' title='bbox 1205 4704 1383 4797; x_wconf 88' lang='lat' dir='ltr'>permixta</span> <span class='ocrx_word' id='word_1_293' title='bbox 1403 4694 1586 4771; x_wconf 91' lang='lat' dir='ltr'>Fernandi</span> 
     </span>
     <span class='ocr_line' id='line_1_37' title="bbox 363 4809 1587 4921; baseline -0.011 -27"><span class='ocrx_word' id='word_1_294' title='bbox 363 4822 407 4894; x_wconf 85' lang='lat' dir='ltr'>de</span> <span class='ocrx_word' id='word_1_295' title='bbox 424 4818 539 4921; x_wconf 86' lang='lat' dir='ltr'>Rojas</span> <span class='ocrx_word' id='word_1_296' title='bbox 557 4816 712 4893; x_wconf 92' lang='lat' dir='ltr'>eruditio</span> <span class='ocrx_word' id='word_1_297' title='bbox 731 4815 797 4890; x_wconf 94' lang='lat' dir='ltr'>tibi</span> <span class='ocrx_word' id='word_1_298' title='bbox 817 4819 886 4891; x_wconf 91' lang='lat' dir='ltr'>erit</span> <span class='ocrx_word' id='word_1_299' title='bbox 905 4815 1218 4912; x_wconf 77' lang='lat' dir='ltr'>praetermittenda</span> <span class='ocrx_word' id='word_1_300' title='bbox 1245 4843 1331 4917; x_wconf 84' lang='lat' dir='ltr'>quae</span> <span class='ocrx_word' id='word_1_301' title='bbox 1360 4814 1501 4892; x_wconf 92' lang='lat' dir='ltr'>nullum</span> <span class='ocrx_word' id='word_1_302' title='bbox 1540 4809 1587 4886; x_wconf 90' lang='lat' dir='ltr'>ad</span> 
     </span>
    </p>
   </div>
   <div class='ocr_carea' id='block_1_5' title="bbox 0 0 1742 5609">
    <p class='ocr_par' dir='ltr' id='par_1_6' title="bbox 0 0 1742 5609">
     <span class='ocr_line' id='line_1_38' title="bbox 0 0 1742 5609; baseline 0 0"><span class='ocrx_word' id='word_1_303' title='bbox 0 0 1742 5609; x_wconf 95' lang='lat' dir='ltr'> </span> 
     </span>
    </p>
   </div>
  </div>
 </body>
</html>
