3475 5609
837 451 997 516 -88-

311 621 426 696 multa
446 645 520 694 non
534 632 608 693 tam
629 643 714 693 vera
743 641 854 718 quam
883 620 1026 714 impura
1043 629 1080 691 et
1105 616 1296 692 licentiora
1314 618 1442 694 referre
1463 647 1539 696 non

309 737 502 814 dubitavit.
521 735 615 811 Cum
630 739 729 809 enim
752 733 922 830 Suplr'cz'o
951 737 1109 808 incertas
1128 738 1331 810 amantium
1365 735 1539 812 libidines

308 852 513 928 describere
531 856 642 950 cupit,
667 850 835 924 fabulosa
857 852 1009 922 nomina
1030 853 1194 946 congerit
1219 876 1371 947 quorum
1394 853 1537 926 notissi-

308 993 369 1044 ma
387 971 500 1070 Jason
523 981 558 1041 et
578 967 703 1041 Minos
722 979 820 1055 sunt,
839 980 875 1038 et
896 966 1001 1040 Paris
1026 978 1063 1072 et
1088 967 1225 1040 Tereus
1254 967 1440 1066 multaque
1464 971 1537 1046 alia

307 1113 387 1185 quae
421 1085 548 1159 relerre
580 1081 808 1157 fastidiosum
841 1096 938 1154 esset
972 1085 1039 1177 (1).
1080 1081 1178 1154 Num
1214 1081 1319 1156 aliter
1350 1083 1537 1159 Celestina

306 1199 531 1274 infinitarum
547 1211 584 1272 et
600 1202 834 1298 antiquarum
857 1221 1092 1294 personarum
1128 1203 1340 1271 memoriam
1360 1199 1535 1275 referebat

195 1370 198 1376 -
305 1317 353 1390 ad
381 1315 639 1390 sententiolam
660 1315 824 1413 aliquam
846 1313 1126 1388 illustrandam?
1146 1314 1345 1413 Dialogum
1374 1318 1534 1417 denique

305 1431 387 1529 lege
407 1437 443 1506 in
463 1459 536 1530 quo
556 1431 677 1504 Eritea
702 1430 910 1527 Flugenciae
937 1433 1113 1502 meretrici
1135 1434 1315 1530 pessimas
1334 1445 1429 1506 artes
1448 1459 1534 1508 suas

303 1547 476 1645 explanat
509 1562 545 1621 et
564 1546 706 1644 puellas
725 1558 914 1621 enumerat
944 1544 1077 1644 quibus
1107 1549 1328 1643 virginitatis
1357 1550 1531 1623 honorem

302 1669 430 1740 iterum
451 1683 486 1738 et
511 1667 618 1738 tertio
637 1660 795 1738 reddidit
813 1674 853 1737 ut
883 1676 1060 1762 quaestum
1085 1662 1257 1761 majorem
1274 1691 1422 1763 corpore
1436 1667 1530 1741 lace-

301 1793 391 1855 rent.
428 1781 623 1855 Celestinae
656 1779 824 1853 amulam
855 1777 965 1852 facile
989 1804 1171 1876 agnosces
1191 1782 1288 1879 quod
1318 1783 1531 1858 avidissima

300 1896 364 1971 illa
386 1897 470 1970 lena
499 1895 638 1970 nullum
659 1908 862 1996 stuprorum
895 1906 1039 1970 recusat
1068 1921 1153 1993 quae
1179 1895 1252 1994 jam
1286 1901 1325 1970 in
1354 1900 1529 1997 Tragico-

300 2013 436 2087 moedia
455 2012 501 2086 de
518 2011 660 2088 Colisto
666 2039 697 2112 y
710 2011 869 2086 Melibeo
888 2011 1070 2110 descripta
1083 2025 1178 2099 sunt,
1196 2013 1330 2088 nedum
1344 2020 1527 2113 magicum

299 2129 539 2204 ministerium
560 2127 724 2227 repudiet
749 2142 784 2202 et
818 2142 921 2226 turpe
954 2127 1096 2227 aliquid
1117 2132 1325 2204 existimare
1343 2137 1468 2229 possit,
1495 2138 1526 2207 si

298 2244 447 2345 quidem
460 2245 608 2319 auribus
623 2255 796 2319 resonent
811 2247 965 2318 nummi.

347 2361 430 2434 Non
451 2373 575 2435 tamen
597 2359 796 2435 celestino
825 2363 1024 2457 pravitates
1057 2374 1200 2434 tantum
1227 2360 1337 2461 Juon
1360 2365 1425 2436 del
1446 2366 1524 2438 En·

294 2477 378 2551 cino
397 2472 524 2550 relerre
537 2476 663 2564 valuit,
682 2474 746 2549 sed
759 2487 796 2547 et
812 2475 1086 2572 hispaniensem
1102 2475 1260 2548 colorem
1280 2490 1315 2549 et
1328 2476 1519 2553 dramatici

295 2591 437 2692 aliquid
457 2592 554 2691 quod
591 2590 628 2664 in
661 2589 840 2689 prioribus
867 2590 1041 2690 Ecglogis
1057 2616 1239 2689 nusquam
1256 2590 1519 2669 inveniebatur.

295 2708 509 2808 Sempronio
528 2711 626 2782 enim
646 2718 684 2781 et
697 2709 881 2782 Parmeno
895 2710 932 2778 in
948 2720 1106 2780 mentem
1127 2710 1280 2781 veniunt
1299 2735 1382 2784 cum
1398 2717 1520 2786 rustici

292 2823 490 2898 audiuntur
511 2822 573 2922 qui
590 2823 732 2922 juvenis
767 2827 928 2897 amantis
948 2827 1197 2920 querimonias
1217 2837 1279 2898 aut
1298 2825 1376 2898 rudi
1397 2831 1522 2916 animo

292 2943 572 3038 interpretantur
590 2952 653 3014 aut
665 2943 797 3014 crassis
815 2937 959 3013 facetiis
980 2937 1140 3012 irrident.
1161 2938 1253 3033 Quae
1277 2940 1466 3016 verborum
1485 2958 1521 3018 et

289 3082 461 3131 sensuum
483 3061 574 3150 mira
592 3057 784 3132 diversitas
803 3055 978 3156 peculiari
1005 3057 1253 3154 Hispanorum
1283 3057 1406 3132 studio
1427 3061 1520 3135 adeo

289 3172 483 3270 respondet
503 3188 543 3246 ut
568 3197 696 3246 vocem
718 3201 737 3240 <r
752 3170 967 3273 grocr'oso»,
994 3197 1079 3268 quae
1106 3171 1185 3244 sola
1216 3171 1317 3246 illam
1335 3179 1516 3272 exprimit,

289 3287 390 3362 nulla
416 3288 489 3362 alia
509 3289 638 3389 lingua
657 3287 866 3386 significare
893 3291 1019 3386 possit.
1046 3287 1242 3381 Quomodo
1262 3292 1362 3362 enim
1392 3291 1518 3368 latinis

287 3407 480 3478 sententiis
505 3403 614 3478 risum
645 3403 918 3502 explicabis·ad
953 3428 1062 3502 quem
1089 3403 1189 3477 lrons
1215 3417 1279 3478 tua
1308 3407 1519 3484 transfertur

286 3543 368 3593 cum
392 3518 558 3593 Filenum
580 3521 624 3594 de
653 3519 774 3594 Celira
792 3532 828 3593 et
846 3518 993 3593 fortuna
1018 3545 1094 3592 non
1122 3524 1202 3593 sine
1222 3545 1335 3596 causa
1352 3522 1419 3596 sed
1437 3524 1517 3598 sine

285 3635 358 3708 fine
378 3634 628 3733 deplorantem
656 3635 799 3711 solatiis
829 3634 1058 3710 Zambardus
1078 3635 1276 3733 permulcet
1306 3665 1386 3736 quae
1405 3644 1512 3714 amici

284 3755 468 3825 tristitiam
502 3756 621 3850 magis
650 3751 813 3824 cavillari
844 3775 956 3850 quam
977 3750 1097 3825 levare
1124 3751 1321 3827 videntur?
1342 3757 1396 3852 (a)
1429 3757 1516 3830 Non

283 3866 388 3941 aliter
429 3870 658 3942 Poscualet
696 3868 768 3944 Gil
793 3893 833 3941 se
864 3881 997 3965 gerunt
1038 3871 1100 3965 qui
1138 3865 1275 3942 flebilia
1308 3883 1345 3943 et
1384 3869 1514 3946 flentes

281 3997 455 4081 personas
498 4011 595 4058 nunc
642 3983 743 4083 jocis,
789 4011 888 4058 nunc
908 4008 1040 4058 somno
1095 3988 1283 4082 excipiunt
1324 3989 1391 4081 (3).
1433 3989 1512 4062 Mo·

281 4117 390 4191 nachi
438 4142 584 4216 quoque
630 4116 727 4214 apud
765 4116 974 4216 johannem
1005 4117 1069 4188 del
1098 4115 1245 4189 Encz'no
1288 4121 1382 4191 sicut
1415 4123 1512 4218 apud

283 4232 513 4308 Fernandum
538 4235 582 4306 de
611 4231 725 4330 Rosos
761 4232 858 4306 limis
888 4231 1008 4307 verbis
1029 4236 1286 4330 increpantur;
1310 4260 1442 4334 nempe
1475 4249 1510 4311 et

279 4349 345 4446 ipsi
367 4348 508 4423 lacetiis
532 4349 605 4422 illis
625 4351 813 4422 materiam
835 4347 997 4448 praebent
1024 4373 1108 4446 quae
1127 4349 1374 4446 Hispanorum
1395 4377 1508 4450 popu·

278 4465 388 4540 larem
402 4478 437 4538 et
455 4478 530 4539 tam
551 4465 691 4538 firmam
711 4489 822 4564 quam
843 4464 995 4538 liberam
1017 4463 1249 4538 devotionem
1268 4467 1504 4565 patefaciunt.

306 4691 341 4748 (il
354 4677 457 4750 Egloga
468 4687 577 4737 Placido
582 4704 602 4750 y
617 4685 760 4737 Vitorr'ono.

307 4769 343 4833 (2)
355 4758 458 4831 Egloge
475 4768 500 4818 F
501 4767 577 4820 ilono.

306 4849 343 4914 (3)
354 4838 458 4915 egloga
471 4848 583 4901 Florida
590 4863 612 4914 y
630 4846 772 4903 Vitorium.

1523 4757 1533 4820 l
