3475 5609
1747 471 2142 608 -96-⁷

671 713 1029 786 magnum
1087 699 1705 785 consequerentur
1771 687 2038 762 locum.
2121 686 2360 760 Valde
2438 689 2661 784 igitur
2743 683 3136 763 Celestinae

669 803 1024 903 exemplis
1047 807 1411 877 contraria
1454 802 1600 879 Gil
1639 802 1929 876 Vicente
1959 803 2321 877 imitanda
2349 802 2685 900 praebuit,
2718 800 2914 901 quod
2937 815 3143 874 certo

669 931 742 994 te
780 909 1146 994 desiderio
1205 917 1471 991 afficiet
1507 918 1567 992 si
1617 917 1913 1017 quidem
1953 933 2193 992 tecum
2235 917 2679 1016 reputaveris
2724 916 2927 991 nulla
2968 942 3138 990 eum

671 1041 748 1108 in
788 1049 991 1134 parte
1039 1034 1313 1132 majore
1350 1034 1573 1108 fuisse
1604 1038 1678 1107 in
1707 1034 2023 1131 jocando
2054 1035 2296 1132 lepore
2326 1059 2546 1133 quam
2577 1033 2652 1106 in
2695 1062 2731 1100 <z
2777 1037 3044 1106 saturis
3091 1061 3130 1101 »

673 1150 877 1246 cujus
921 1164 1374 1225 momentum
1416 1154 1626 1248 quasi
1656 1148 1936 1223 nullum
1978 1154 2051 1222 in
2090 1150 2453 1247 Hispania
2490 1149 2746 1223 evasit.
2797 1149 3139 1224 Facetias

673 1266 871 1338 onim
913 1266 1178 1364 quibus
1227 1265 1713 1354 faeneratoreS,
1763 1265 2112 1356 mediCOS,
2173 1265 2587 1365 astrologos
2625 1277 2698 1337 et
2728 1263 3146 1338 monachos

677 1382 921 1454 irridet
967 1385 1404 1456 recentiores
1440 1385 1904 1478 grammatici
1947 1381 2490 1474 meditabantur
2548 1385 2706 1479 qui,
2749 1379 3139 1455 verborum

677 1498 1285 1572 immoderatione
1352 1496 1549 1586 elati,
1617 1497 1928 1571 Moliero
1988 1510 2235 1572 nostro
2279 1499 2710 1572 Lusitanum
2766 1500 3137 1570 comicum

677 1638 1100 1710 comparare
1141 1639 1291 1686 non
1331 1611 1875 1687 dubitaverunt.
1915 1615 2078 1688 Hoc
2116 1639 2285 1688 vero
2323 1612 2629 1687 feliciter
2658 1616 2908 1687 evenit
2936 1608 3143 1709 quod

673 1726 869 1826 apud
954 1729 1331 1826 Hispanos
1388 1726 1851 1801 incredibiles
1925 1727 2198 1804 fabulae
2271 1727 2594 1802 veritatis
2656 1725 2901 1801 studio
2978 1749 3130 1797 non

677 1846 909 1914 nimio
929 1847 1238 1942 primum
1259 1844 1544 1918 fuerunt
1569 1843 2028 1917 detrimento.
2049 1845 2333 1917 Decimi
2357 1844 2553 1919 enim
2585 1858 2658 1917 et
2678 1842 2862 1918 sexti
2886 1842 3137 1917 saeculi

681 1966 1082 2058 scriptores,
1125 1959 1275 2036 sive
1311 1960 1659 2048 versibuS,
1709 1964 1860 2034 sive
1906 1959 2147 2035 soluta
2184 1964 2295 2034 usi
2354 1974 2524 2034 sunt
2563 1965 2919 2050 oratione,
2968 1958 3135 2031 Fer-

685 2074 913 2146 naodi
969 2078 1057 2148 de
1107 2075 1339 2175 Rojas
1386 2088 1611 2148 artem
1671 2076 1919 2174 aliquo
1976 2076 2194 2149 modo
2243 2089 2706 2151 servaverunt
2756 2087 2831 2149 et
2898 2076 3142 2172 poetis

689 2190 1139 2264 tradiderunt
1175 2189 1298 2289 qui
1339 2216 1384 2262 a
1420 2190 1604 2288 Lope
1639 2191 1726 2262 de
1769 2192 1959 2291 Vega
1997 2190 2292 2288 profecti
2336 2197 2411 2265 in
2454 2195 2645 2265 veris
2683 2204 2756 2264 et
2795 2187 3143 2287 ingenuis

685 2310 873 2378 sicut
937 2305 1237 2404 iri-fictis
1300 2317 1372 2378 et
1423 2302 1627 2379 falsis
1687 2330 1919 2379 rerum
1988 2319 2061 2380 et
2103 2306 2480 2380 hominum
2524 2305 2979 2405 imaginibus
3014 2304 3140 2376 de-

697 2421 1089 2518 pingendis
1117 2434 1225 2495 tot
1271 2433 1343 2494 et
1389 2432 1539 2493 tam
1583 2420 1909 2494 diversas
1966 2421 2369 2496 comoedias
2427 2427 2758 2497 certatim
2799 2441 3143 2519 compos·

677 2550 969 2610 norunt.

777 2654 1045 2726 Nonne
1100 2674 1337 2725 mores
1377 2664 1448 2725 et
1507 2655 1812 2748 ingenia
1843 2651 2011 2724 viva
2065 2653 2211 2751 jam
2279 2657 2579 2728 veritate
2621 2651 2745 2725 ille
2812 2654 3148 2724 imitatur

677 2774 801 2866 qui
877 2765 1404 2866 Pmpaladiam
1462 2770 1751 2863 scripsit
1781 2779 1853 2839 et
1888 2768 2159 2863 primus
2214 2769 2604 2843 comoediae
2645 2767 2742 2840 ab
2776 2768 3142 2863 Hispanis

677 2914 713 2954 o
745 2886 833 2958 olo
861 2898 1032 2982 tropa
1060 2910 1123 2983 y
1157 2885 1425 2981 espaa'a
1463 2912 1500 2952 »
1570 2881 1796 2957 dictae
1834 2884 2277 2981 propemodo
2335 2884 2729 2982 perfectam
2790 2882 3142 2980 figuravit

677 3002 1042 3074 formam?
1112 2999 1301 3072 Cum
1342 3010 1586 3071 autem
1632 2997 1863 3070 Italici
1902 3013 2130 3096 poetae
2189 3026 2403 3099 aeque
2466 3026 2552 3073 ac
2617 2998 3016 3072 Fernando
3051 2997 3144 3068 de

677 3118 905 3213 Rosos
937 3115 1129 3214 apud
1154 3114 1695 3188 Bartolomeum
1734 3115 1798 3186 T
1787 3140 1993 3188 orres
2023 3117 2365 3189 Naharro
2391 3115 2699 3189 multum
2731 3112 3131 3193 valuerint,

677 3258 909 3330 oporto
950 3234 1260 3328 pretium
1299 3241 1411 3302 est
1451 3228 1626 3326 quid
1668 3229 2167 3303 Romanorum
2209 3231 2331 3304 ille
2360 3243 2431 3304 et
2472 3228 3140 3327 Neapolitanorum

677 3350 1009 3422 societati
1051 3344 1382 3419 debuerit
1407 3357 1580 3418 ante
1619 3348 1870 3418 omnia
1910 3349 2294 3444 inquirere.
2330 3347 2519 3420 Mihi
2552 3345 2855 3445 quidem
2889 3344 3146 3418 videor

681 3466 753 3538 in
817 3459 1276 3559 Propaladia
1315 3458 1732 3533 subtiliores
1797 3460 2156 3534 interdum
2196 3463 2435 3534 videre
2455 3449 2747 3535 'colores
2787 3461 3060 3561 quibus
3100 3484 3147 3531 a

681 3574 1073 3650 Potrarcho
1138 3574 1441 3674 ejusque
1517 3573 1896 3672 discipulis
1961 3600 2241 3649 amores
2324 3577 2845 3675 depinguntur,
2899 3601 3147 3674 neque

677 3715 972 3790 possum
1039 3689 1219 3786 quin
1290 3688 1698 3761 italicorum
1799 3693 2437 3785 grammaticorum
2507 3691 2921 3766 doctrinam
2994 3716 3144 3763 me·

677 3830 951 3878 morem
1019 3805 1191 3878 dum
1249 3808 1322 3877 in
1385 3802 1636 3906 fabula
1731 3801 2193 3900 disponenda
2257 3805 2525 3902 justum
2599 3819 2672 3881 et
2721 3807 3142 3904 legitimum

677 3922 996 4001 admiror
1059 3920 1429 3992 ordinem.
2598 3918 2611 3930 '

777 4042 950 4130 Quo
990 4035 1212 4109 modo
1285 4037 1652 4131 exquisita
1708 4046 1782 4107 et
1818 4037 2088 4106 eximia
2153 4040 2421 4109 amoris
2457 4050 2530 4109 et
2569 4036 3146 4134 pulchritudinis

677 4158 956 4250 species
1004 4176 1045 4225 e
1103 4150 1347 4248 lyricis
1417 4147 1760 4222 Italorum
1828 4149 2148 4223 versibus
2216 4155 2294 4222 in
2361 4150 2806 4226 dramaticos
2868 4155 3144 4250 Hispa-

681 4294 937 4342 norum
983 4265 1323 4361 dialogos
1389 4267 1755 4337 transierit
1820 4262 2105 4337 facilius
2170 4264 2539 4363 intelliges
2596 4273 2655 4341 si
2699 4269 3145 4368 opusculum

677 4382 853 4458 illud
949 4381 1207 4478 legeris
1297 4379 1491 4476 quod
1573 4408 1611 4446 «
1649 4377 1988 4452 Caestion
2039 4381 2126 4451 de
2172 4383 2400 4454 Amor
2452 4411 2491 4451 »
2568 4385 2994 4458 inscribitur
3069 4398 3149 4457 et

673 4502 865 4570 inter
909 4520 1185 4570 annum
1252 4494 1654 4568 MDCVIII
1688 4505 1759 4565 et
1801 4517 2075 4565 annum
2105 4495 2403 4570 MDXII
2464 4501 2952 4596 compositum
2996 4517 3139 4574 est.

681 4618 793 4690 No
861 4637 1192 4686 curemus
1237 4635 1386 4708 qua
1442 4612 1745 4682 veritate
1785 4605 2434 4704 Neapolitanorum
2474 4615 2876 4691 aulicorum
2908 4621 3144 4690 vitam

677 4734 1057 4830 depingat,
1160 4726 1255 4799 ad
1350 4746 1723 4798 sermones
1802 4725 2307 4799 tantummodo
2396 4742 2470 4801 et
2560 4733 2911 4829 epistolas
2998 4759 3146 4808 nos
