3475 5609
832 507 994 571 -30..

301 696 380 746 esse
408 669 644 768 respondebit
671 695 780 769 quam
801 668 953 745 florente
973 682 1084 745 aetate
1113 674 1193 744 sine
1218 669 1388 770 scrupulo
1402 668 1470 740 frui
1489 678 1529 740 et

301 789 440 861 intacta
452 785 523 860 fide
536 811 686 884 parvum
706 790 744 859 in
760 789 941 860 immenso
958 786 1136 862 Paradiso
1156 786 1276 859 locum
1292 789 1434 859 mereri.
1456 783 1530 857 Per

300 903 555 1003 Purgatorium
585 901 738 976 tortasse
768 877 835 976 itdr
859 901 1067 976 laciendum
1096 908 1184 994 erit;
1214 916 1356 977 sanctae
1390 927 1475 975 vero
1492 917 1532 974 et

300 1019 421 1094 beatae
445 1032 531 1094 sunt
557 1044 580 1091 a
605 1017 740 1117 quibus
769 1019 946 1093 auxilium
963 1019 1061 1093 haud
1077 1018 1205 1092 trustra
1220 1032 1375 1116 petatur.
1394 1018 1531 1091 Nonne

301 1135 421 1209 Maria
458 1133 962 1233 AE'gyptiaca'miserabilem
1002 1161 1148 1208 carnem
1177 1161 1281 1208 suam
1319 1133 1531 1208 crucifixit?

301 1249 402 1346 Quid
432 1250 537 1325 relert
567 1276 640 1348 quo
661 1250 769 1324 modo
798 1263 966 1324 cretaceo
996 1266 1031 1324 et
1052 1252 1171 1325 lutoso
1195 1275 1344 1348 corpore
1363 1276 1451 1324 usus
1478 1251 1530 1322 sis

169 1389 173 1395 ·
299 1371 331 1440 si
360 1370 523 1440 animum
558 1371 758 1442 servaveris
796 1367 964 1464 religioni
1005 1369 1242 1441 credentem?
1273 1368 1382 1440 Haud
1422 1365 1533 1465 igitur

300 1482 468 1557 miranda
495 1495 580 1556 sunt
609 1481 738 1558 Eliciae
758 1495 821 1556 aut
840 1483 991 1558 Areusae
1010 1485 1121 1557 verba
1140 1497 1177 1556 et
1203 1508 1321 1556 mores
1336 1509 1402 1555 nec
1422 1485 1529 1579 quasi

298 1599 428 1674 dolosa
440 1596 639 1696 judicanda
652 1611 688 1671 et
697 1601 797 1671 inter
805 1623 844 1672 se
857 1603 1053 1694 contraria.
1076 1597 1202 1696 Longe
1217 1599 1323 1672 aliter
1339 1596 1531 1671 Celestina

298 1714 489 1810 religiosas
504 1737 612 1788 voces
630 1726 778 1811 usurpat
798 1713 846 1788 ad
864 1713 1009 1788 facilius
1035 1713 1127 1788 alios
1147 1713 1388 1812 decipiendos
1415 1711 1529 1808 majo-

299 1855 429 1930 resque
447 1829 517 1903 sibi
537 1841 701 1926 quaestus
739 1829 939 1904 iaciendos.
971 1829 1056 1904 Non
1082 1834 1208 1902 omnia
1236 1843 1361 1904 tamen
1389 1832 1426 1900 in
1451 1828 1531 1923 ejus

299 1946 477 2044 religione
509 1943 602 2020 lalsa
634 1956 719 2020 sunt
744 1959 781 2019 et
799 1945 899 2019 ficta.
934 1947 1031 2019 Dum
1064 1949 1163 2018 enirn
1202 1949 1316 2019 sociae
1336 1943 1531 2018 Claudinae

298 2061 413 2160 justas
432 2085 563 2158 poenas
583 2075 760 2135 memorat
794 2086 869 2134 non
903 2060 1057 2135 multum
1091 2060 1194 2135 abest
1222 2064 1312 2158 quin
1346 2085 1411 2132 eas
1446 2083 1531 2132 cum

300 2188 499 2276 martyrum
535 2174 757 2250 cruciatibus
784 2179 928 2250 sincero
952 2181 1078 2250 animo
1096 2188 1296 2272 comparet.
1327 2174 1531 2248 Catholicae

298 2296 523 2391 ceteroquin
542 2289 628 2365 fidei
645 2295 812 2367 virtutem
827 2297 880 2368 ita
901 2291 973 2366 sibi
992 2317 1202 2390 persuasam
1218 2291 1331 2366 babet
1349 2305 1401 2381 ut,
1426 2291 1529 2390 quid·

298 2407 388 2507 quid
418 2407 540 2498 iaciat,
573 2405 622 2480 ab
640 2411 742 2481 omni
777 2433 842 2506 spe
870 2424 1021 2483 aeternae
1051 2412 1149 2482 vitae
1166 2407 1238 2482 sibi
1258 2407 1433 2505 parandae
1453 2432 1529 2479 non

302 2522 481 2598 discedat.

350 2637 448 2734 Quae
463 2661 547 2712 cum
567 2636 748 2724 audirent,
769 2638 931 2738 Hispani
948 2665 1024 2712 non
1039 2639 1343 2737 indignabantur.
1361 2639 1417 2711 lta
1429 2641 1529 2710 enim

300 2752 532 2830 familiariter
551 2755 589 2826 in
604 2756 769 2828 omnium
789 2737 975 2828 mentibus
988 2768 1025 2828 et
1040 2755 1174 2828 animis
1193 2752 1323 2852 religio
1342 2752 1531 2826 insidebat

301 2884 340 2946 ut
356 2866 611 2967 impurissimis
622 2893 698 2943 non
718 2871 839 2943 minus
854 2894 966 2967 quam
981 2870 1223 2944 nobilissimis
1236 2869 1344 2944 lactis
1363 2883 1401 2942 et
1420 2868 1532 2942 dictis

303 2985 512 3061 inhaereret.
537 2984 671 3060 Nonne
690 2987 802 3058 etiam
822 2983 1075 3061 licentioribus
1087 2986 1313 3087 imaginibus
1323 2985 1531 3082 legitimam

301 3126 451 3178 causam
479 3115 522 3188 et
549 3099 683 3199 justam
719 3104 994 3174 excusationem
1022 3101 1209 3191 afferebat,
1234 3126 1318 3174 cum
1347 3102 1475 3192 medio,
1491 3105 1531 3172 in

301 3219 390 3293 fimo
405 3219 637 3316 purissimum
664 3219 833 3314 gigneret
851 3214 1007 3289 florem?
1036 3216 1192 3291 Multum
1227 3221 1339 3314 igitur
1366 3217 1531 3319 moribus

301 3335 336 3410 C
335 3331 531 3408 destinam
552 3331 714 3406 conterre
733 3331 770 3405 F
768 3334 928 3404 modo
945 3335 990 3403 de
1020 3331 1137 3430 Rojas
1163 3334 1341 3430 praedicat
1364 3332 1532 3432 quando·

300 3447 451 3548 quidem
475 3447 627 3546 juvenes
645 3446 809 3520 lenarum
830 3463 865 3520 et
881 3447 1098 3523 lamulorum
1121 3445 1267 3525 fraudes
1286 3473 1528 3547 amorumque

301 3567 600 3638 inconcessorum
631 3561 794 3636 miserias
839 3566 930 3637 vivis
974 3562 1199 3661 imaginibus
1235 3579 1271 3637 et
1318 3563 1531 3661 insignibus

301 3677 480 3778 exemplis
499 3677 644 3754 doceat.
670 3679 770 3753 Vitia
794 3703 885 3752 sane
904 3679 1007 3753 nullo
1033 3680 1223 3753 verbomm
1242 3694 1423 3778 praetextu
1449 3680 1531 3752 nul·

303 3796 414 3896 laque
435 3793 563 3869 umbra
582 3793 727 3868 celavit.
760 3795 925 3890 Quomm
953 3821 1039 3868 vero
1071 3821 1155 3868 cum
1189 3801 1310 3894 magis
1336 3800 1531 3894 magisque

305 3909 525 3988 horrendam
538 3909 650 3985 linem
666 3907 774 3982 nobis
792 3910 1043 3999 ostentaverit,
1063 3935 1136 4009 quo
1147 3916 1404 4011 praestantiore
1418 3913 1531 3986 modo

305 4051 373 4102 nos
392 4025 442 4102 ab
459 4030 514 4100 eis
533 4023 755 4100 avertisset?
780 4025 890 4099 Haud
920 4041 1018 4100 certe
1044 4031 1176 4100 mimm
1204 4041 1261 4100 est
1298 4027 1529 4101 Celestinam

303 4168 374 4220 sua
390 4165 602 4242 oppressam
616 4139 818 4238 cupiditate
832 4145 949 4239 perire
969 4175 977 4232 ;
1012 4143 1086 4231 sed,
1107 4142 1195 4216 dum
1223 4143 1310 4216 lena
1328 4148 1531 4242 corruptrix

303 4284 326 4334 a
359 4271 529 4356 corrupto
546 4254 684 4332 famulo
707 4255 936 4344 interficitur,
965 4281 1041 4355 quo
1074 4257 1283 4333 afficiuntur
1303 4273 1439 4332 terrore
1466 4263 1531 4359 qui

302 4373 507 4474 corruptela
537 4385 574 4448 et
602 4376 836 4470 perversitate
864 4375 1088 4471 pascuntur!
1124 4373 1225 4468 Quid
1256 4374 1357 4473 quod
1381 4375 1532 4449 Calisto

301 4491 426 4568 statim
458 4503 570 4588 atque
598 4486 752 4562 delicias
779 4513 865 4563 suas
892 4487 1083 4587 amplexus
1111 4505 1168 4562 est
1193 4496 1424 4587 repentinam
1451 4491 1532 4564 obit

303 4619 456 4682 mortem
475 4609 535 4680 cui
554 4628 641 4680 mox
659 4603 819 4678 ¹llelr'betr
832 4629 872 4677 se
888 4605 981 4678 ultro
998 4605 1104 4680 offen
1119 4608 1136 4678 9
1154 4606 1258 4702 Quid
1278 4606 1435 4680 infirmis
1448 4613 1530 4682 ani·

304 4727 375 4800 mis
391 4723 456 4823 qui
468 4717 735 4821 cupiditatibus
752 4736 881 4818 parent
898 4725 1059 4796 atrocius
1074 4733 1302 4822 proponatur
1318 4723 1337 4794 l
1353 4721 1531 4798 Pleberio
