3475 5609
678 505 777 572 -rr
800 523 838 536 ·-
1293 595 1295 600 .

151 675 308 748 angores
323 650 490 726 cumulus
509 650 660 726 accedet
681 676 763 724 cum
780 675 825 724 ex
841 649 917 722 alta
935 661 1030 721 turre
1049 645 1210 720 Melibea
1230 670 1269 719 se
1283 644 1373 743 abji-

150 771 232 852 ciet,
257 783 306 855 et,
329 768 415 841 dum
435 768 615 842 Calistum
632 780 745 840 morte
764 769 981 864 assequitur,
995 767 1153 837 exterriti
1166 767 1277 861 patris
1287 776 1373 835 ante

149 882 275 957 oculos
287 909 447 982 praeceps
463 897 614 958 corruet.
640 883 705 958 Sic
727 884 885 981 Hispani
901 879 1047 954 modum
1065 880 1300 977 egrediuntur
1312 876 1372 977 qui

148 999 224 1073 luto
239 1026 341 1098 aeque
361 1025 403 1072 ac
419 1004 602 1097 sanguine
618 1002 780 1072 vicissim
795 995 1034 1070 delectantur.

197 1117 294 1188 Dum
312 1131 432 1189 autem
457 1115 594 1189 nullius
615 1114 736 1188 adhuc
758 1125 874 1188 morte
896 1127 959 1188 aut
977 1111 1103 1186 dolore
1125 1111 1373 1189 misericordia

148 1249 271 1302 nostra
287 1246 470 1319 evocatur,
497 1231 606 1307 risum
627 1229 852 1328 singularem
876 1245 922 1316 et,
956 1241 994 1302 ut
1019 1230 1070 1301 ita
1088 1226 1225 1315 dicam,
1250 1229 1371 1328 hispa-

147 1349 196 1420 ni.
215 1371 315 1418 ··.sem
331 1346 390 1420 vix
409 1360 533 1421 tenere
549 1371 742 1444 possumus
767 1369 850 1418 cum
881 1343 929 1418 ab
948 1348 1151 1418 amantium
1182 1344 1372 1421 ardoribus

146 1475 183 1536 et
203 1461 453 1534 deliramentis
474 1462 522 1535 ad
552 1487 783 1538 communem
804 1485 953 1535 sensum
966 1473 1002 1533 et
1016 1459 1292 1556 vulgarissimas
1317 1489 1373 1538 res

145 1579 382 1667 traducimur.
402 1577 498 1650 Sunt
513 1578 661 1676 quidem
683 1581 721 1650 in
749 1575 935 1653 Celestina
954 1601 1045 1674 quae,
1070 1579 1159 1673 quia
1182 1575 1370 1653 hominum

146 1693 341 1767 notissima
362 1693 449 1766 vitia
469 1697 706 1784 insectantur,
730 1693 903 1769 omnibus
918 1691 1062 1791 populis
1082 1718 1186 1790 aeque
1209 1693 1373 1769 dilucida

145 1823 326 1913 apparent
348 1835 391 1882 ac
411 1809 577 1884 ridicula.
604 1811 698 1905 Quis
718 1811 807 1909 quid
823 1834 950 1908 parurn
962 1806 1183 1905 explicatum
1200 1825 1262 1884 aut
1277 1811 1371 1886 lace·

143 1943 222 2000 turn
244 1925 408 1999 inveniat
429 1925 525 2014 dum,
546 1927 701 2026 exempli
719 1953 840 2016 causa,
862 1925 1097 2022 cupidissima
1120 1925 1321 2016 Celestina,
1336 1949 1372 2004 et

143 2044 330 2116 Parmeno
360 2042 406 2114 de
441 2041 563 2116 vetula
612 2043 706 2118 male
747 2056 926 2130 metuenS,
958 2055 995 2115 et
1023 2063 1136 2114 morae
1177 2045 1373 2139 impatiens

144 2157 296 2232 calisto
322 2157 574 2256 colloquentes
594 2160 845 2234 inducuntur?
877 2158 978 2230 Lena
1003 2159 1116 2244 enim,
1145 2182 1227 2232 cum
1250 2159 1372 2256 juveni
1454 2212 1458 2216 <

145 2272 274 2346 laetum
296 2278 465 2347 nuntium
487 2273 626 2364 afferat,
650 2287 812 2372 tempore
839 2277 953 2348 utitur
981 2286 1019 2347 ut
1044 2271 1229 2348 mercedes
1248 2300 1372 2349 conse-

145 2406 279 2484 quatur
310 2414 402 2486 quas
435 2393 531 2462 sicut
564 2389 726 2463 lacinora
759 2415 841 2464 cum
871 2386 981 2463 sociis
1007 2393 1278 2463 communicare
1296 2417 1372 2466 non

144 2507 274 2601 possit.
295 2533 313 2572 «
351 2505 392 2576 ln
424 2529 509 2602 qun,
542 2509 673 2604 inquit,
708 2505 867 2602 periculo
892 2516 1036 2578 versata
1061 2506 1167 2578 sum!
1201 2505 1273 2580 Pro
1298 2511 1374 2582 vita

146 2618 237 2691 mihi
260 2645 368 2693 nemo
388 2624 481 2694 tanti
510 2646 583 2693 rem
610 2625 713 2719 pretii
734 2619 896 2696 dedisset
915 2623 1042 2718 quanti
1063 2619 1134 2693 vile
1158 2620 1227 2696 hoc
1250 2602 1287 2696 et
1306 2649 1374 2698 usu

144 2735 317 2809 detritum
341 2749 396 2810 est
415 2734 579 2832 pallium.
606 2769 623 2808 »
646 2737 794 2812 Calr'sto
811 2763 897 2812 vero
917 2735 1117 2810 Celestinae
1136 2737 1373 2834 cupiditatem

146 2877 222 2924 non
243 2849 417 2948 intelligit
437 2864 475 2924 ut
502 2856 564 2949 qui
594 2857 707 2926 amori
728 2866 870 2928 tantum
892 2851 1082 2943 inserviat,
1120 2882 1137 2921 <2
1157 2853 1282 2950 Spem,
1306 2854 1371 2942 ait,

144 2966 255 3040 affers
276 2971 452 3065 optimam
472 2970 522 3041 l»
542 2997 627 3038 -u
650 2971 839 3068 Optimam
855 2971 996 3056 merito,
1020 2967 1216 3065 respondet
1235 2969 1369 3062 vetula,

145 3081 267 3156 dicere
294 3107 454 3179 possum,
492 3109 574 3158 cum
606 3088 765 3183 optatior
793 3082 969 3159 Melibeae
1000 3108 1071 3181 ego
1098 3082 1230 3158 detrita
1262 3098 1373 3184 atque

145 3197 292 3271 exoleta
312 3197 381 3272 hac
397 3202 522 3274 tunica
541 3205 690 3286 veniam,
708 3225 818 3298 quam
829 3200 903 3274 alia
923 3202 1066 3298 quaevis
1080 3199 1194 3274 serico
1208 3212 1245 3273 et
1263 3226 1375 3276 aureo

146 3311 263 3386 textili
298 3314 481 3388 induta».
519 3316 631 3413 Spem
652 3315 769 3389 solam
800 3341 879 3415 qua,
904 3313 1105 3388 delectatur
1129 3341 1211 3389 cum
1232 3314 1374 3413 juvenis

152 3427 321 3516 audierit,
340 3434 466 3502 omnia
481 3430 652 3504 narrandi
674 3457 759 3529 quae
779 3457 818 3506 se
843 3435 882 3504 in
903 3429 1018 3506 Alisae
1039 3430 1149 3507 domo
1170 3431 1375 3507 habuerunt

152 3543 340 3618 Celestina
360 3544 553 3620 consilium
570 3550 669 3644 capit
692 3581 699 3619 :
720 3577 739 3616 <r
763 3549 810 3635 O,
835 3546 970 3620 clamat
988 3545 1146 3636 calisto,
1170 3551 1288 3630 situm
1303 3574 1375 3646 ego

150 3659 274 3734 subter
291 3659 442 3758 pallium
458 3662 554 3736 istud
571 3676 673 3742 tuum
694 3663 879 3738 abconsus
910 3687 1038 3749 essem,
1059 3675 1099 3737 ut
1127 3662 1301 3763 colloquii
1321 3669 1373 3738 tui

153 3801 303 3851 consors
313 3777 460 3852 inissem
475 3803 558 3852 cum
571 3778 635 3851 illa
654 3803 763 3878 quam
780 3778 998 3875 Supremum
1010 3778 1155 3854 Numen
1170 3784 1284 3854 tantis
1295 3805 1375 3877 gra·

153 3891 210 3964 tiis
248 3891 414 3966 dotatam
445 3893 624 3968 excellere
663 3893 804 3969 voluit!
843 3938 888 3952 --
922 3892 1058 3968 Subter
1094 3894 1259 3991 pallium,
1304 3899 1370 3985 ais,

154 4031 275 4082 meum
296 4009 312 4080 l
334 4010 445 4106 Atqui
466 4008 541 4083 illic
574 4008 671 4084 clara
691 4020 911 4108 conspectus
923 4007 1054 4086 luisses
1066 4042 1074 4101 ;
1096 4010 1178 4108 plus
1197 4013 1297 4086 enim
1314 4014 1375 4084 tri·

150 4123 257 4220 ginta
285 4122 526 4199 loraminibus
555 4124 646 4199 illud
678 4125 899 4224 perforatum
928 4136 992 4214 est,
1016 4139 1053 4199 et
1077 4129 1219 4203 utinam
1246 4126 1377 4202 melius

152 4262 236 4312 mox
265 4237 500 4337 accipiam.»
536 4240 658 4316 Tanto
692 4245 824 4316 ¹minus
860 4241 973 4315 risum
998 4252 1103 4315 tenes
1121 4252 1263 4342 quanto
1295 4242 1377 4341 plus

151 4355 333 4428 Parmeno
356 4355 489 4428 vetulae
518 4355 732 4454 indignatur
747 4383 832 4456 quae
853 4382 929 4431 non
948 4357 1065 4430 solum
1087 4356 1201 4455 pallio
1220 4356 1378 4434 donatur

152 4470 347 4544 sedetiam
381 4495 530 4547 aureum
558 4473 747 4572 cingulum
781 4473 833 4546 ita
862 4477 1019 4571 primum
1045 4486 1188 4550 recusat
1220 4486 1260 4549 ut
1292 4500 1377 4573 quae

129 4586 367 4684 ingentibus
393 4591 523 4688 gratiis
542 4613 627 4662 mox
646 4589 683 4662 id
703 4603 897 4688 acceptura
927 4593 987 4664 sit.
1023 4618 1042 4660 «
1068 4591 1164 4678 Heu,
1197 4613 1376 4665 commur-

155 4713 317 4778 muratur
333 4704 517 4778 Parmeno
529 4729 653 4780 secum
673 4731 761 4781 voce
775 4703 901 4797 flebili,
925 4731 1075 4782 munere
1098 4704 1163 4781 illo
1189 4731 1230 4787 se
1253 4705 1377 4784 vetula
