3475 5609
223 1308 452 1384 crastinam
476 1312 539 1409 qui
562 1308 686 1383 leviter
711 1324 746 1383 et
769 1312 905 1384 cursim
930 1308 1059 1407 legerit
1080 1308 1232 1383 fortasse
1251 1309 1340 1408 quid
1360 1315 1399 1385 in
1514 1339 1517 1344 ’

172 1452 218 1501 ea
230 1451 273 1498 ex
292 1426 454 1523 antiquis
473 1424 636 1499 lontibus
656 1424 826 1501 haustum
847 1425 1021 1523 appareat
1034 1430 1236 1523 praesertim
1262 1425 1399 1500 videbit

172 1552 209 1615 et
233 1538 390 1615 notabit.
417 1540 554 1615 Multos
577 1544 675 1613 enim
704 1564 848 1639 graecos
867 1554 904 1615 et
927 1539 1060 1615 latinos
1087 1544 1279 1638 scriptores
1307 1543 1398 1615 Fer·

171 1658 290 1730 nantia
326 1659 370 1729 de
403 1656 517 1755 Rq'as
549 1656 731 1731 evolvita
765 1657 899 1757 quibus
919 1654 1087 1755 exempla
1115 1670 1150 1729 et
1184 1670 1400 1755 argumenta

172 1772 319 1848 infinita
335 1786 520 1847 mutuatus
536 1787 601 1848 est.
621 1771 721 1866 Quid
739 1775 901 1847 mirum?
924 1772 1049 1845 Vitam
1065 1798 1147 1846 cum
1169 1771 1400 1847 scholasticis

171 1888 272 1986 degit
288 1892 350 1989 qui
373 1902 450 1963 tum
470 1893 574 1989 quasi
596 1888 663 1963 soli
684 1892 722 1961 in
738 1888 838 1963 libris
854 1888 1093 1963 versabantur
1111 1902 1146 1961 et
1163 1887 1273 1987 longe
1295 1904 1398 1974 erant

59 1986 66 2002 ⁸
169 2018 208 2077 ut
243 2030 265 2077 a
303 2008 417 2079 nimia
449 2004 651 2081 eruditione
681 2004 929 2080 abhorrerent.
954 2005 1087 2078 Nonne
1118 2028 1242 2093 eorum
1267 2004 1399 2081 studiis

170 2118 340 2219 indulget
361 2120 575 2220 Sempronio
603 2118 812 2223 philosophi
839 2120 987 2195 verbum
1018 2123 1109 2192 miro
1130 2119 1240 2193 modo
1261 2144 1394 2193 memo-

169 2260 279 2309 rans:
308 2264 327 2305 «
345 2234 393 2309 Ut
410 2241 562 2311 materia
582 2241 721 2335 appetit
740 2236 907 2318 formam,
930 2240 984 2311 sic
1000 2235 1128 2318 mulier
1145 2236 1290 2308 virum?
1311 2265 1330 2303 ›>
1355 2236 1397 2308 Si

171 2354 325 2424 ministri
340 2355 450 2425 etiam
473 2352 680 2427 Aristotelis
696 2352 795 2425 haud
807 2356 926 2450 ignari
942 2363 1039 2441 sunt,
1058 2349 1146 2452 quid
1169 2351 1215 2426 de
1237 2349 1397 2423 dominis

169 2465 318 2539 dicaml
352 2466 467 2564 Saepe
494 2472 715 2568 saepiusque,
757 2484 794 2543 ut
824 2473 968 2566 antiqui
998 2485 1119 2565 poetae
1151 2483 1212 2542 aut
1246 2464 1397 2538 oratoris

168 2584 414 2677 patrocinium
453 2588 648 2683 requirant,
687 2585 811 2660 Ovidii
855 2600 919 2658 ant
961 2582 1105 2680 Apuleii
1149 2580 1395 2669 sententiolis,

168 2696 398 2797 Vergiliique
409 2713 471 2773 aut
485 2698 675 2775 Ciceronis
689 2700 778 2775 locis
794 2706 1078 2800 incongruenter
1086 2698 1277 2786 adhibitis,
1293 2696 1395 2771 flebi-

167 2810 217 2884 lia
232 2826 268 2885 et
283 2813 380 2891 lacta
392 2831 428 2889 et
442 2814 542 2891 dicta
554 2814 759 2891 deformant
770 2830 805 2891 et
819 2808 1067 2915 corrumpunt.
1086 2817 1142 2891 Ne
1162 2814 1287 2903 multa,
1307 2838 1395 2913 quae

167 2952 243 3001 non
263 2928 342 3004 sine
361 2929 509 3005 fastidio
528 2946 661 3023 essent,
691 2931 854 3022 releram,
879 2930 1035 3007 Pleberii
1057 2928 1224 3032 querelas
1238 2927 1394 3027 prolerre

30 3107 35 3125 .
165 3048 256 3135 satis
272 3044 419 3120 habebo
438 3074 523 3147 quae
548 3061 653 3123 tanta
674 3074 741 3123 nos
761 3048 948 3125 afficerent
968 3044 1217 3121 misericordia
1232 3050 1263 3119 si
1284 3058 1337 3119 tot
1356 3058 1394 3118 et

165 3172 239 3231 tam
262 3168 497 3259 supervacuis
516 3162 693 3260 exemplis
718 3190 792 3240 non
808 3169 1045 3241 vitiarentur:
1079 3192 1097 3233 «
1118 3162 1224 3236 Pauli
1248 3159 1394 3234 AEmilii

164 3280 361 3370 constatia,
379 3278 562 3354 exclamat
585 3293 687 3379 pater
706 3280 769 3355 ille
791 3282 901 3356 unica
924 3279 1003 3355 filia
1021 3278 1183 3368 orbatuS,
1210 3303 1283 3350 non
1305 3276 1394 3350 mihi

164 3388 298 3465 solatio
311 3417 391 3467 esse
410 3408 541 3494 potest.
561 3396 602 3470 Si
622 3423 686 3471 sex
706 3396 837 3473 diebus
851 3398 1005 3473 duorum
1028 3394 1186 3469 filiorum
1207 3393 1392 3467 funeribus

67 3602 69 3607 Δ
167 3534 241 3583 non
276 3510 442 3588 turbatus
472 3530 541 3605 est,
576 3516 640 3589 sed
677 3520 715 3589 in
751 3515 948 3594 liberorum
991 3517 1177 3613 exsequiis
1218 3511 1394 3611 populum

168 3624 379 3703 Romanum
396 3628 473 3729 ipse
488 3630 671 3706 consolari
682 3636 814 3729 potuit,
835 3631 899 3705 alii
912 3645 1036 3705 tamen
1050 3636 1083 3704 ei
1099 3628 1171 3703 duo
1190 3627 1256 3702 filii
1276 3653 1396 3727 super·

166 3741 349 3849 vivebant,
374 3745 574 3845 adoptione
590 3746 676 3821 aliae
692 3752 814 3845 gentis
833 3747 1041 3846 participes.
1058 3743 1321 3845 Magnanimos
1333 3742 1395 3817 ille

167 3856 421 3958 Xenophon...
446 3893 465 3933 »
496 3863 544 3936 At
564 3875 659 3937 certe
680 3889 755 3938 non
777 3862 1031 3961 indignaberis
1055 3860 1084 3935 si
1106 3876 1141 3935 te
1160 3858 1394 3934 curalibera·

166 3998 249 4057 vero
281 4000 411 4050 omnes
439 3976 585 4077 legendi
615 4002 770 4079 quorum
799 3978 919 4063 luctus
947 4002 1031 4052 cum
1055 4002 1123 4052 suo
1149 3974 1394 4051 conterendos

165 4116 238 4164 non
259 4116 340 4165 esse
361 4092 532 4168 Pleberio
544 4094 737 4193 praedicat.
753 4094 878 4195 Magis
890 4097 1002 4169 etiam
1017 4092 1235 4171 offensionis
1255 4089 1395 4167 babent

165 4229 221 4280 res
240 4231 401 4307 paganae
426 4236 512 4309 quae
531 4210 744 4299 christianis
771 4236 869 4290 vana
901 4208 1117 4302 emditionis
1144 4211 1395 4304 ostentatione

164 4325 374 4399 miscentur.
411 4325 593 4403 Calistine
627 4326 781 4410 formam
812 4327 1001 4401 Celestina
1035 4326 1239 4403 describere
1258 4326 1395 4423 cupit?

165 4434 250 4513 Non
287 4441 321 4515 ei
354 4455 393 4516 ut
430 4442 532 4519 illam
565 4442 743 4542 exemplis
768 4442 953 4543 explanet,
995 4441 1132 4539 nobilis
1171 4439 1389 4531 Alexander,

166 4563 334 4630 strenuus
362 4558 511 4651 Hector,
545 4558 697 4659 pulcher
734 4558 926 4635 Narcissus
967 4557 1223 4658 jucundusque
1265 4568 1395 4632 cantor
1500 4650 1504 4656 Ι

168 4668 338 4769 Orpheus
356 4673 518 4762 sufficere
536 4690 701 4775 possunt,
736 4676 800 4750 sed
819 4688 989 4750 sanctum
1017 4701 1165 4775 quoque
1194 4672 1393 4773 Georgium

167 4782 317 4907 ejusque
334 4813 471 4894 equum
486 4794 525 4882 in
545 4790 795 4890 testimopium
815 4816 948 4887 vocare
978 4816 1128 4896 necesse
1145 4803 1262 4893 putat·
1288 4788 1392 4903 Quid
