3475 5609
674 533 715 546 .-
734 515 773 582 79
798 533 830 545 .-

137 659 215 758 pilli
253 687 375 760 neque
404 661 524 734 minus
574 660 780 756 splendoris
821 660 972 737 habent.
1010 659 1147 734 Prolixi
1168 687 1283 759 usque
1316 665 1369 764 ad,

136 777 296 849 confinia
319 776 539 874 plantarum,
563 801 647 849 cum
680 781 873 873 compositi
899 791 935 850 et
962 780 999 848 in
1029 775 1194 849 ordinem
1224 778 1361 852 redacti

137 895 236 966 cirris
255 905 364 989 caput
383 895 559 978 vinciunt,
585 893 676 965 sicut
692 918 754 965 eos
774 917 992 989 componere
1016 905 1052 964 et
1071 918 1180 965 aureo
1199 893 1363 969 funiculo

135 1023 352 1081 connectere
377 1007 482 1095 solet,
524 1006 592 1080 soli
630 1006 753 1080 valent
787 1008 834 1080 ad
867 1019 1106 1104 spectatorem
1138 1013 1302 1106 quemvis
1322 1015 1360 1084 in

135 1122 292 1222 lapidem
333 1125 556 1198 vertendum.
579 1165 627 1179 -
658 1125 699 1195 ln
737 1128 894 1211 asinum,
929 1121 1092 1197 mussitat
1131 1125 1357 1224 Semproni0‚

135 1244 253 1336 potius
273 1261 396 1334 putem
419 1269 451 1310 ›>.
483 1239 545 1312 Sic
566 1264 641 1312 uno
660 1238 769 1312 verbo
789 1237 981 1336 flagrantis
1002 1239 1144 1336 juvenis
1163 1257 1359 1341 exagerata

27 1429 29 1450 ι
134 1355 243 1431 altius
262 1361 379 1428 outio
412 1354 603 1429 deridetur.
627 1353 730 1429 Talis
768 1359 947 1428 excitatur
965 1359 1057 1429 risus
1094 1382 1175 1431 cum
1198 1359 1356 1445 Cadata,

27 1453 29 1500 l
133 1475 194 1569 qui
214 1471 430 1544 famulorum
451 1470 534 1543 fidei
556 1488 591 1543 et
606 1473 728 1543 virtuti
754 1469 930 1543 innititur.
956 1470 1128 1545 Melibeae
1148 1472 1260 1546 domo
1279 1478 1360 1548 sine

27 1587 29 1614 '
134 1601 232 1661 metu
264 1591 546 1685 appropinquat,
586 1585 800 1687 Sempronio
820 1600 942 1660 autem
980 1599 1015 1660 et
1052 1589 1236 1661 Parmeno
1259 1614 1360 1663 arma

132 1703 345 1801 disponunt,
369 1704 487 1776 sedin
507 1718 624 1799 tergo,
659 1701 927 1800 consiliumque
960 1728 1043 1776 cum
1075 1720 1227 1803 utroque
1259 1731 1385 1779 com·.

132 1824 334 1908 municant‚
357 1818 421 1892 sed
451 1818 566 1916 primo
586 1819 745 1892 tumultu
783 1818 960 1915 fugiendi.
997 1820 1123 1894 Minus
1150 1846 1239 1894 sane
1260 1826 1361 1896 inve·

132 1935 281 2008 recundi
314 1949 399 2009 sunt
433 1933 542 2008 Sosia
572 1949 609 2007 et
646 1935 812 2024 Tristem,
845 1935 910 2007 sed
942 1918 1183 2010 nihilominus
1219 1937 1360 2011 lacetiis

131 2054 207 2124 suis
239 2050 444 2148 impediunt
482 2054 570 2147 quin
610 2050 841 2123 dominorum
880 2049 1027 2123 fervidis
1075 2065 1138 2125 aut
1174 2051 1360 2128 flebilibus

131 2165 361 2240 sermonibus
382 2166 445 2239 diu
464 2190 773 2239 commoveamur.

27 2265 28 2276 ³
180 2284 265 2356 Non
282 2286 403 2356 minus
423 2281 548 2354 crebro
571 2296 607 2354 et
625 2278 741 2353 multo
769 2284 887 2377 magis
913 2285 1005 2354 miro
1030 2282 1140 2356 modo
1163 2283 1295 2358 devota
1323 2300 1359 2358 et

27 2461 28 2492 ,
131 2398 318 2494 impudica
337 2397 446 2471 verba
460 2397 497 2468 in
513 2395 704 2470 Celestina
718 2400 811 2468 inter
822 2421 861 2468 se
876 2413 1055 2492 pugnant.
1079 2398 1191 2472 Nulla
1207 2399 1358 2475 fortasse

27 2513 29 2604 ᾗ
130 2514 298 2610 improba
325 2517 509 2587 sententia
529 2525 610 2584 tuas
630 2537 735 2584 aures
763 2510 929 2602 offendit,
961 2512 1083 2587 nullus
1106 2514 1207 2587 locus
1231 2516 1358 2591 oculos

27 2637 29 2690 i
130 2627 232 2703 laedit
261 2643 342 2704 tuos
362 2629 451 2726 quin
479 2627 586 2701 simul
608 2641 769 2700 sacratas
784 2631 988 2702 sententias
1012 2629 1141 2703 audias
1156 2644 1218 2704 aut
1234 2632 1358 2707 catho-

130 2742 211 2817 licis
239 2745 517 2844 antiquissimas
545 2747 727 2843 imagines
760 2743 899 2816 videas.
938 2745 993 2816 lta
1022 2745 1120 2818 enim
1150 2751 1188 2818 in
1209 2751 1359 2823 intimos

132 2859 379 2959 Hispanorum
399 2859 562 2935 omnium
583 2864 726 2932 animos
742 2858 869 2956 religio
896 2872 983 2932 tunc
1010 2859 1142 2958 illapsa
1165 2878 1241 2935 erat
1262 2875 1301 2939 ut
1321 2869 1358 2938 in

27 3017 29 3032 ι
129 2976 278 3074 dialogo
312 2981 515 3075 quiveram
555 3000 672 3049 rerum
706 2989 742 3049 et
776 2974 966 3049 hominum
994 2979 1153 3074 speciem
1181 2981 1361 3076 praeberet

129 3118 291 3190 persaepe
316 3118 389 3165 non
423 3116 595 3165 emanare
626 3117 700 3164 non
737 3102 871 3189 posset.
907 3093 1100 3166 Amorisne
1134 3097 1295 3167 suiuvim
1321 3108 1358 3169 et

27 3251 32 3280 r
129 3193 289 3282 dolorem
307 3207 516 3304 significare
537 3205 686 3282 Calt'sto
704 3210 741 3279 in
758 3211 883 3279 animo
903 3206 1085 3280 habeti«
1103 3210 1191 3306 Ego,
1221 3215 1353 3308 inquit,

128 3315 431 3411 Mclibaeussum,
458 3323 631 3398 Melibeae
648 3336 785 3396 sectam
806 3348 949 3419 sequor,
975 3327 1013 3396 in
1040 3323 1205 3399 Melibea
1233 3328 1355 3421 credo,

127 3440 327 3516 Melibeam
343 3438 503 3537 denique
530 3439 686 3513 adoro...
706 3437 747 3512 Si
772 3437 894 3536 qualis
913 3463 1017 3513 meus
1035 3438 1121 3513 talis
1136 3455 1192 3515 est
1220 3442 1357 3540 Purga-

127 3561 208 3631 torii
229 3559 340 3658 ignis,
363 3556 513 3653 pecudis
531 3553 645 3629 latum
668 3554 813 3628 mallem
838 3581 950 3653 quarn
967 3555 1037 3629 hoo
1052 3554 1178 3630 dolore
1196 3573 1357 3658 emptam

128 3673 302 3748 coelorum
323 3671 637 3746 beatitudinem».
658 3673 755 3765 Quae
769 3674 939 3768 quamvis
964 3675 1078 3769 impia
1097 3699 1120 3746 a
1137 3673 1359 3772 Sempronio

127 3789 295 3862 dicantur
327 3786 521 3861 catholicae
555 3785 744 3884 religionis
773 3785 1060 3860 familiaritatem
1094 3813 1171 3862 non
1205 3788 1360 3865 obscure

27 3989 28 4002 χ
127 3903 328 3980 declarant.
353 3902 477 3999 Magis
509 3897 723 3975 offensionis
753 3900 862 3975 hodie
890 3899 1028 3976 habent
1060 3928 1160 4002 quae,
1190 3902 1276 3979 dum
1297 3931 1359 4004 pu·

27 4023 28 4032 ’
126 4020 249 4094 denda
286 4031 505 4116 spectantur,
548 4021 610 4116 pia
639 4016 899 4116 praedicantur.
932 4018 1136 4116 Postquam
1166 4020 1357 4097 Celestina

125 4138 347 4236 praeteritam
368 4137 479 4208 vitam
500 4159 585 4232 quae
604 4131 706 4206 nulla
725 4130 927 4205 christiana
945 4130 1067 4206 floruit
1092 4137 1224 4209 virtute
1242 4136 1360 4212 subti.

125 4253 207 4326 liter
225 4250 360 4338 retulit,
391 4247 586 4348 perlectam
620 4246 864 4322 humilitatem
893 4259 1080 4322 ostentare
1108 4275 1190 4343 non⁸
1214 4250 1359 4328 dubitat

125 4394 193 4442 nec
206 4365 255 4442 ad
269 4369 449 4466 virginem
470 4364 743 4462 depravandam
773 4365 843 4436 Dei
863 4377 900 4436 et
919 4367 1140 4438 sanctissimi
1162 4367 1358 4445 Michaelis

123 4483 422 4559 benedictionem
434 4480 639 4579 implorare.
658 4479 786 4558 Medio
801 4485 914 4553 etiam
930 4484 969 4552 in
983 4478 1071 4554 luxu
1086 4480 1183 4557 lenae
1199 4496 1236 4558 et
1248 4509 1358 4560 mere·
1391 4511 1395 4519 ·

123 4605 232 4685 trices
264 4598 393 4674 salutis
431 4609 576 4671 aeternae
609 4598 729 4671 viam‘
749 4595 898 4694 perdere
936 4622 1012 4671 non
1046 4601 1272 4673 existimant.
1313 4602 1356 4676 Si

123 4718 212 4820 quid
233 4717 422 4791 mulierem
459 4714 588 4789 deceat
618 4712 666 4786 ab
695 4711 813 4788 Elicia
841 4716 1073 4815 requisiveris
1105 4714 1198 4788 nihil
1227 4716 1358 4796 melius
